@electronic{grpc,
  title         = "gRPC",
  howpublished  = "https://grpc.io/",
}

@electronic{multiobj,
  title         = "Working With Multi-Objectives",
  howpublished  = "https://www.gurobi.com/documentation/ 9.0/refman/working_with_multiple_obje.html",
}

@electronic{percore,
  title         = "VMwareâ€™s per-CPU Pricing Model",
  howpublished  = "https://news.vmware.com/company/cpu-pricing-model-update-feb-2020",
}

@electronic{tomahawk4,
  title         = "Tomahawk4 / BCM56990 Series",
  howpublished  = "https://www.broadcom.com/products/ethernet-connectivity/switching/strataxgs/bcm56990-series",
}

@electronic{tofino2,
  Author         = "Tofino2",
  howpublished           = "https://www.intel.com/content/www/us/en/products/network-io/programmable-ethernet-switch/tofino-2-series.html",
}

@electronic{doca,
  title         = "NVIDIA DOCA",
  howpublished  = "https://developer.nvidia.com/networking/doca",
}

@electronic{bcc,
  title         = "BCC",
  howpublished  = "https://github.com/iovisor/bcc",
}

@electronic{cut-tofino,
  title         = "Intel halts Tofino networking chip development",
  howpublished  = "https://www.bizjournals.com/sanjose/news/2023/01/26/intel-halts-development-of-tofino-switch-chips.html",
}

@electronic{dpu-report3,
  title         = "Data Processing Unit Market",
  howpublished  = "https://tinyurl.com/36d389my",
}

@electronic{dpu-report2,
  title         = "Increasing Data Center Power Efficiency",
  howpublished  = "https://tinyurl.com/chj59fub",
}

@electronic{dpu-report,
  title         = "Microsoft's Acquisition of a DPU Startup",
  howpublished  = "https://tinyurl.com/kt9jdf69",
}

@electronic{dpu,
  title         = "NVIDIA BlueField DPU",
  howpublished  = "https://tinyurl.com/3cady99f",
}

@electronic{sFlow,
  title         = "sFlow",
  howpublished  = "http://sflow.org/about/index.php",
}

@Misc{cplex,
  Author         = {{CPLEX}},
  howpublished           = {\url{https://www.ibm.com/analytics/cplex-optimizer}},
}

@Misc{p4c,
  Author         = {{P4C}},
  howpublished           = {\url{https://github.com/p4lang/p4c}},
}

@Misc{scapy,
  Author         = {{Scapy}},
  howpublished           = {\url{https://scapy.readthedocs.io/en/latest/}},
}

@Misc{netcat,
  Author         = {{netcat}},
  howpublished           = {\url{http://netcat.sourceforge.net/}},
}

@Misc{tmix,
  Author         = {{TMIX}},
  howpublished           = {\url{https://github.com/weiglemc/tmixns2}},
}

@Misc{nuttcp,
  Author         = {{Nuttcp}},
  howpublished           = {\url{https://www.nuttcp.net/}},
}

@Misc{swing,
  Author         = {{SWING}},
  howpublished           = {\url{http://cseweb.ucsd.edu/~kvishwanath/Swing/}},
}

@Misc{surge,
  Author         = {{Surge}},
  howpublished           = {\url{http://cs-www.bu.edu/faculty/crovella/surge_1.00a.tar.gz}},
}

@Misc{osnt,
  Author         = {{ONST}},
  howpublished           = {\url{http://osnt.org/}},
}

@Misc{bittwist,
  Author         = {{Bit-Twist}},
  howpublished           = {\url{http://bittwist.sourceforge.net/}},
}

@Misc{globetraff,
  Author         = {{Globetraff}},
  howpublished           = {\url{https://github.com/lookat119/GlobeTraff}},
}

@Misc{ixnetwork,
  Author         = {{Ixnetwork}},
  howpublished           = {\url{https://www.ixiacom.com/products/ixnetwork}},
}

@Misc{nping,
  Author         = {{Nping}},
  howpublished           = {\url{https://nmap.org/nping/}},
}

@Misc{trex,
  Author         = {{TRex}},
  howpublished           = {\url{https://trex-tgn.cisco.com/}},
}

@Misc{ostinato,
  Author         = {{Ostinato}},
  howpublished           = {\url{https://ostinato.org/}},
}

@Misc{libcrafter,
  Author         = {{libcrafter}},
  howpublished           = {\url{https://github.com/pellegre/libcrafter}},
}

@Misc{packmime,
  Author         = {{PackMime}},
  howpublished           = {\url{https://www.cs.odu.edu/~mweigle/research/packmime}},
}

@Misc{smartbits,
  Author         = {{SmartBits}},
  howpublished           = {\url{https://www.spirent.com/products/testcenter}},
}

@Misc{nemesis,
  Author         = {{Nemesis}},
  howpublished           = {\url{http://nemesis.sourceforge.net/}},
}

@Misc{lanforge,
  Author         = {{LANforge}},
  howpublished           = {\url{http://www.candelatech.com/}},
}

@Misc{mtools,
  Author         = {{Mtools}},
  howpublished           = {\url{http://www.grid.unina.it/grid/mtools/}},
}

@Misc{netspec,
  Author         = {{Netspec}},
  howpublished           = {\url{http://www.ittc.ku.edu/netspec/}},
}

@Misc{skaion,
  Author         = {{Skaion TGS}},
  howpublished           = {\url{http://www.skaion.com/}},
}

@Misc{trafgen,
  Author         = {{Trafgen}},
  howpublished           = {\url{http://netsniff-ng.org/}},
}

@Misc{ramp,
  Author         = {{RAMP}},
  howpublished           = {\url{http://www.csie.ncku.edu.tw/~klan/data/materials/ramp.pdf}},
}

@Misc{brute,
  Author         = {{BRUTE}},
  howpublished           = {\url{https://github.com/awgn/brute}},
}

@Misc{breakingpoint,
  Author         = {{BreakingPoint}},
  howpublished           = {\url{https://www.ixiacom.com/products/breakingpoint-ve}},
}

@Misc{ippacket,
  Author         = {{IP-Packet}},
  howpublished           = {\url{http://p-a-th.sourceforge.net/html/index.php}},
}

@Misc{rudecrude,
  Author         = {{Rude-Crude}},
  howpublished           = {\url{http://www.atm.tut.fi/rude}},
}

@Misc{byteblower,
  Author         = {{Byte-Blower}},
  howpublished           = {\url{https://www.excentis.com/products/byteblower/}},
}

@Misc{colosoft,
  Author         = {{Colosoft}},
  howpublished           = {\url{http://www.colasoft.com/download/products/download_packet_builder.php}},
}

@Misc{gl,
  Author         = {{GL Traffic Generator}},
  howpublished           = {\url{https://www.gl.com/trafficgenerators.html}},
}

@Misc{hexinject,
  Author         = {{HexInject}},
  howpublished           = {\url{http://hexinject.sourceforge.net/}},
}

@Misc{ipgen,
  Author         = {{IPGen}},
  howpublished           = {\url{http://sourceforge.net/projects/ipgen/}},
}

@Misc{ixchariot,
  Author         = {{IxChariot}},
  howpublished           = {\url{https://www.ixiacom.com/products/ixchariot}},
}

@Misc{keysightdcx,
  Author         = {{KeysightdCX}},
  howpublished           = {\url{https://support.keysight.com/KeysightdCX}},
}

@Misc{epb,
  Author         = {{EPB}},
  howpublished           = {\url{http://m-a-z.github.io/epb/}},
}

@Misc{bmv2,
  Author         = {{BMv2}},
  howpublished           = {\url{https://github.com/p4lang/behavioral-model}},
}

@Misc{scripts,
  Author         = {{DDoS Scripts}},
  howpublished           = {\url{https://github.com/PraneethKarnena/DDoS-Scripts}},
}

@Misc{ufonet,
  Author         = {{Ufonet}},
  howpublished           = {\url{https://github.com/epsylon/ufonet}},
}

@Misc{netperf,
  Author         = {{netperf}},
  howpublished           = {\url{https://github.com/HewlettPackard/netperf/}},
}

@Misc{gurobi,
  Author         = {{Gurobi Optimizer}},
  howpublished           = {\url{http://www.gurobi.com}},
}

@Misc{caida,
  Author         = {{CAIDA Traces}},
  howpublished           = {\url{http://www.caida.org/data/overview/}},
}

@Misc{pktgen,
  Author         = {{PktGen}},
  howpublished           = {\url{https://pktgen-dpdk.readthedocs.io/}},
}

@Misc{switch.p4,
  Author         = {{P4 {Language} {Consortium}. switch.p4}},
  howpublished           = {\url{https://github.com/p4lang/switch}},
}

@Misc{tofino,
  Author         = {Tofino},
  howpublished           = {\url{https://www.barefootnetworks.com/technology/#tofino}},
}

@Misc{dpdk,
  Author         = {{Intel Corporation. {Data} {Plane} {Development} {Kit}}},
  howpublished           = {\url{http://dpdk.org}},
}

@Misc{report1,
  Author         = {{Cybercriminals Moving Into Cloud Big Time, Report Says}},
  howpublished           = {\url{https://www.networkworld.com/article/2900125/criminals-moving-into-cloud-big-time-says-report.html}},
}

@Misc{report2,
  Author         = {{DDoS Statistics}},
  howpublished           = {\url{https://tinyurl.com/y9c3ez4r}},
}

@Misc{report3,
  Author         = {{GitHub Survived the Biggest DDoS Attack Ever Recorded}},
  howpublished           = {\url{https://www.wired.com/story/github-ddos-memcached/}},
}

@Misc{iperf,
  Author         = {{Iperf}},
  howpublished           = {\url{http://dast.nlanr.net/Projects/Iperf/}},
}

@Misc{tcpreplay,
  Author         = {{Tcpreplay}},
  howpublished           = {\url{https://tcpreplay.appneta.com/}},
}

@Misc{tcpdump,
  Author         = {{Tcpdump and Libpcap}},
  howpublished           = {\url{https://www.tcpdump.org/}},
}

@Misc{pylot,
  Author         = {{Pylot}},
  howpublished           = {\url{https://code.google.com/archive/p/pylt/}},
}

@Misc{IXIA,
  Author         = {{IXIA Test hardware}},
  howpublished           = {\url{https://www.keysight.com/hk/en/products/network-test/network-test-hardware.html}},
}

@Misc{Spirent,
  Author         = {{Spirent testcenter}},
  howpublished           = {\url{https://www.spirent.com/products/testcenter}},
}

@Misc{trident,
  Author         = {{Trident4}},
  howpublished           = {\url{https://www.broadcom.com/products/ethernet-connectivity/switching/strataxgs/bcm56880-series}},
}

@Misc{ns,
  Author         = {{Network Simulator}},
  howpublished           = {\url{https://www.nsnam.org/}},
}

@Misc{mininet,
  Author         = {{Mininet}},
  howpublished           = {\url{http://mininet.org/}},
}

@Misc{report,
  Author         = {{DDoS attacks in Q1 2020}},
  howpublished           = {\url{https://securelist.com/ddos-attacks-in-q1-2020/96837/}},
}

@Misc{ddos-trace,
  Author         = {{The CAIDA "DDoS Attack 2007" Dataset}},
  howpublished           = {\url{https://www.caida.org/catalog/datasets/ddos-20070804_dataset/}},
}

@Misc{emulab,
  Author         = {{Emulab}},
  howpublished           = {\url{https://www.emulab.net/}},
}

@Misc{harpoon,
  Author         = {{harpoon}},
  howpublished           = {\url{https://github.com/jsommers/harpoon}},
}

@Misc{ditg,
  Author         = {{D-ITG}},
  howpublished           = {\url{https://github.com/jbucar/ditg}},
}

@Misc{CloudWatch,
  Author         = {{Amazon CloudWatch}},
  howpublished           = {\url{http://aws.amazon.com/cloudwatch/}},
}

@Misc{Netronome,
  Author         = {{Netronome Agilio SmartNICs}},
  howpublished           = {\url{https://www.netronome.com/products/nfe/}},
}

@Misc{telecom,
  Author         = {{Data-center switch silicon developments keep the market future-proof}},
  howpublished           = {\url{https://tinyurl.com/2782xsh3}},
}

@Misc{multi-obj,
  Author         = {{Working With Multiple Objective}},
  howpublished           = {\url{https://www.gurobi.com/documentation/9.0/refman/working_with_multiple_obje.html}},
}

@electronic{tcpprobe,
  title         = "TCP Probe",
  howpublished  = "https://wiki.linuxfoundation.org/networking/tcpprobe",
}

@electronic{netflow,
  title         = "NetFlow",
  howpublished  = "https://www.ietf.org/rfc/rfc3954.txt",
}

@electronic{memaslap,
  title         = "memaslap",
  howpublished  = "http://docs.libmemcached.org/bin/memaslap.html",
}

@electronic{kprobes,
  title         = "kprobes",
  howpublished  = "https://www.kernel.org/doc/Documentation/kprobes.txt",
}

@electronic{systemtap,
  title         = "systemtap",
  howpublished  = "https://sourceware.org/systemtap/",
}

@electronic{lttng,
  title         = "LTTng",
  howpublished  = "https://lttng.org/",
}

@electronic{murmurhash3,
  title         = "MurmurHash3",
  howpublished  = "https://github.com/aappleby/smhasher/",
}

@electronic{int,
  title         = "INT Protocol",
  howpublished  = "https://github.com/p4lang/p4-applications/blob/ master/docs/telemetry_report.pdf",
}

@electronic{pytorch,
  title         = "PyTorch",
  howpublished  = "https://pytorch.org/",
}

@article{heller2012controller,
  title={The controller placement problem},
  author={Heller, Brandon and Sherwood, Rob and McKeown, Nick},
  journal={ACM SIGCOMM Computer Communication Review},
  volume={42},
  number={4},
  pages={473--478},
  year={2012},
  publisher={ACM}
}

@inproceedings{chen2024eagle,
  title={Eagle: Toward Scalable and Near-Optimal Network-Wide Sketch Deployment in Network Measurement},
  author={Chen, Xiang and Xiao, Qingjiang and Liu, Hongyan and Huang, Qun and Zhang, Dong and Liu, Xuan and Hu, Longbing and Zhou, Haifeng and Wu, Chunming and Ren, Kui},
  booktitle={ACM SIGCOMM},
  pages={291--310},
  year={2024}
}

@article{tang2019sel,
  title={Sel-INT: A runtime-programmable selective in-band network telemetry system},
  author={Tang, Shaofei and Li, Deyun and Niu, Bin and Peng, Jianquan and Zhu, Zuqing},
  journal={IEEE transactions on network and service management},
  volume={17},
  number={2},
  pages={708--721},
  year={2019},
  publisher={IEEE}
}

@inproceedings{achiam2017constrained,
  title={Constrained policy optimization},
  author={Achiam, Joshua and Held, David and Tamar, Aviv and Abbeel, Pieter},
  booktitle={International conference on machine learning},
  pages={22--31},
  year={2017},
  organization={PMLR}
}

@article{suh2020flexible,
  title={Flexible sampling-based in-band network telemetry in programmable data plane},
  author={Suh, Dongeun and Jang, Seokwon and Han, Sol and Pack, Sangheon and Wang, Xiaofei},
  journal={ICT Express},
  volume={6},
  number={1},
  pages={62--65},
  year={2020},
  publisher={Elsevier}
}

@inproceedings{kim2018selective,
  title={Selective in-band network telemetry for overhead reduction},
  author={Kim, Youngho and Suh, Dongeun and Pack, Sangheon},
  booktitle={IEEE CloudNet},
  pages={1--3},
  year={2018}
}

@article{li2024learning,
  title={Learning-Based Sketch for Adaptive and High-Performance Network Measurement},
  author={Li, Fuliang and Lv, Yiming and Yan, Yangsheng and Gao, Chengxi and Wang, Xingwei and Cao, Jiannong},
  journal={IEEE/ACM Transactions on Networking},
  year={2024},
  publisher={IEEE}
}

@inproceedings{benson2010network,
  title={Network traffic characteristics of data centers in the wild},
  author={Benson, Theophilus and Akella, Aditya and Maltz, David A},
  booktitle={ACM IMC},
  pages={267--280},
  year={2010}
}

@article{karatas2018iterative,
  title={An iterative solution approach to a multi-objective facility location problem},
  author={Karatas, Mumtaz and Yak{\i}c{\i}, Ertan},
  journal={Applied Soft Computing},
  volume={62},
  pages={272--287},
  year={2018},
  publisher={Elsevier}
}

@inproceedings{liu2022escala,
  title={Escala: Timely elastic scaling of control channels in network measurement},
  author={Liu, Hongyan and Chen, Xiang and Huang, Qun and Kong, Dezhang and Sun, Jinbo and Zhang, Dong and Zhou, Haifeng and Wu, Chunming},
  booktitle={IEEE INFOCOM},
  pages={1848--1857},
  year={2022}
}

@inproceedings{zhao2021lightguardian,
  title={LightGuardian: A full-visibility, lightweight, in-band telemetry system using sketchlets},
  author={Zhao, Yikai and others},
  booktitle={USENIX NSDI},
  pages={991--1010},
  year={2021}
}

@inproceedings{pan2019int,
  title={Int-path: Towards optimal path planning for in-band network-wide telemetry},
  author={Pan, Tian and Song, Enge and Bian, Zizheng and Lin, Xingchen and Peng, Xiaoyu and Zhang, Jiao and Huang, Tao and Liu, Bin and Liu, Yunjie},
  booktitle={IEEE INFOCOM},
  pages={487--495},
  year={2019}
}

@article{yang2017pyramid,
  title={Pyramid sketch: A sketch framework for frequency estimation of data streams},
  author={Yang, Tong and Zhou, Yang and Jin, Hao and Chen, Shigang and Li, Xiaoming},
  journal={Proceedings of the VLDB Endowment},
  volume={10},
  number={11},
  pages={1442--1453},
  year={2017},
  publisher={VLDB Endowment}
}

@inproceedings{pan2019int,
  title={Int-path: Towards optimal path planning for in-band network-wide telemetry},
  author={Pan, Tian and Song, Enge and Bian, Zizheng and Lin, Xingchen and Peng, Xiaoyu and Zhang, Jiao and Huang, Tao and Liu, Bin and Liu, Yunjie},
  booktitle={IEEE INFOCOM},
  pages={487--495},
  year={2019}
}

@inproceedings{qian2024alibaba,
  title={Alibaba hpn: A data center network for large language model training},
  author={Qian, Kun and Xi, Yongqing and Cao, Jiamin and Gao, Jiaqi and Xu, Yichi and Guan, Yu and Fu, Binzhang and Shi, Xuemei and Zhu, Fangbo and Miao, Rui and others},
  booktitle={ACM SIGCOMM},
  pages={691--706},
  year={2024}
}

@inproceedings{zhang2017high,
  title={High-resolution measurement of data center microbursts},
  author={Zhang, Qiao and others},
  booktitle={ACM IMC},
  pages={78--85},
  year={2017}
}

@inproceedings{zhang2017high,
  title={High-resolution measurement of data center microbursts},
  author={Zhang, Qiao and Liu, Vincent and Zeng, Hongyi and Krishnamurthy, Arvind},
  booktitle={ACM IMC},
  pages={78--85},
  year={2017}
}

@inproceedings{woodruff2019measuring,
  title={Measuring burstiness in data center applications},
  author={Woodruff, Jackson and Moore, Andrew W and Zilberman, Noa},
  booktitle={Proceedings of the 2019 Workshop on Buffer Sizing},
  pages={1--6},
  year={2019}
}

@inproceedings{langlet2023direct,
  title={Direct Telemetry Access},
  author={Langlet, Jonatan and others},
  booktitle={ACM SIGCOMM},
  pages={832--849},
  year={2023}
}

@inproceedings{jin2023ditto,
  title={Ditto: Efficient serverless analytics with elastic parallelism},
  author={Jin, Chao and others},
  booktitle={ACM SIGCOMM},
  pages={406--419},
  year={2023}
}

@inproceedings{sapio2021scaling,
  title={Scaling distributed machine learning with In-Network aggregation},
  author={Sapio, Amedeo and others},
  booktitle={USENIX NSDI},
  pages={785--808},
  year={2021}
}

@article{sergeev2018horovod,
  title={Horovod: fast and easy distributed deep learning in TensorFlow},
  author={Sergeev, Alexander and Del Balso, Mike},
  journal={arXiv preprint arXiv:1802.05799},
  year={2018}
}

@inproceedings{li2014scaling,
  title={Scaling distributed machine learning with the parameter server},
  author={Li, Mu and others},
  booktitle={USENIX OSDI},
  pages={583--598},
  year={2014}
}

@inproceedings{khooi2021network,
  title={In-Network Applications: Beyond Single Switch Pipelines},
  author={Khooi, Xin Zhe and others},
  booktitle={IEEE NetSoft},
  pages={1--8},
  year={2021}
}

@article{chiesa2023network,
  title={Network Monitoring on Multi-Pipe Switches},
  author={Chiesa, Marco and Verdi, F{\'a}bio L},
  journal={Proceedings of the ACM on Measurement and Analysis of Computing Systems},
  volume={7},
  number={1},
  pages={1--31},
  year={2023},
  publisher={ACM New York, NY, USA}
}

@article{zheng2023dinc,
  title={DINC: Toward distributed in-network computing},
  author={Zheng, Changgang and Tang, Haoyue and Zang, Mingyuan and Hong, Xinpeng and Feng, Aosong and Tassiulas, Leandros and Zilberman, Noa},
  journal={Proceedings of the ACM on Networking},
  volume={1},
  number={CoNEXT3},
  pages={1--25},
  year={2023},
  publisher={ACM}
}

@inproceedings{chen2022toward,
  title={Toward Low-Overhead Inter-Switch Coordination in Network-Wide Data Plane Program Deployment},
  author={Chen, Xiang and others},
  booktitle={IEEE ICDCS},
  pages={370--380},
  year={2022}
}

@inproceedings{liu2020sra,
  title={Sra: Switch resource aggregation for application offloading in programmable networks},
  author={Liu, Hongyan and others},
  booktitle={IEEE GLOBECOM},
  pages={1--6},
  year={2020}
}

@inproceedings{xu2023clickinc,
  title={Clickinc: In-network computing as a service in heterogeneous programmable data-center networks},
  author={Xu, Wenquan and others},
  booktitle={ACM SIGCOMM},
  pages={798--815},
  year={2023}
}

@article{dang2016paxos,
  title={Paxos made switch-y},
  author={Dang, Huynh Tu and others},
  journal={ACM SIGCOMM Computer Communication Review},
  volume={46},
  number={2},
  pages={18--24},
  year={2016},
  publisher={ACM}
}

@inproceedings{vaucher2020zipline,
  title={ZipLine: in-network compression at line speed},
  author={Vaucher, S{\'e}bastien and others},
  booktitle={ACM CoNEXT},
  pages={399--405},
  year={2020}
}

@inproceedings{lao2021atp,
  title={ATP: In-network aggregation for multi-tenant learning},
  author={Lao, ChonLam and others},
  booktitle={USENIX NSDI},
  pages={741--761},
  year={2021}
}

@inproceedings{tork2020lynx,
  title={Lynx: A smartnic-driven accelerator-centric architecture for network servers},
  author={Tork, Maroun and others},
  booktitle={ACM ASPLOS},
  pages={117--131},
  year={2020}
}

@incollection{liu2019offloading,
  title={Offloading distributed applications onto smartnics using ipipe},
  author={Liu, Ming and others},
  booktitle={ACM SIGCOMM},
  pages={318--333},
  year={2019}
}

@inproceedings{maricq2018taming,
  title={Taming performance variability},
  author={Maricq, Aleksander and others},
  booktitle={USENIX OSDI},
  pages={409--425},
  year={2018}
}

@inproceedings{zheng2020nfv,
  title={Nfv performance profiling on multi-core servers},
  author={Zheng, Peng and others},
  booktitle={IEEE/IFIP Networking},
  pages={91--99},
  year={2020}
}

@inproceedings{zheng2019closer,
  title={A closer look at NFV execution models},
  author={Zheng, Peng and others},
  booktitle={APNet},
  pages={85--91},
  year={2019}
}

@inproceedings{brunella2020hxdp,
  title={hXDP: Efficient Software Packet Processing on FPGA NICs.},
  author={Brunella, Marco Spaziani and others},
  booktitle={USENIX OSDI},
  volume={20},
  pages={973--990},
  year={2020}
}

@inproceedings{cheng2021intstream,
  title={IntStream: An intent-driven streaming network telemetry framework},
  author={Cheng, Xin and others},
  booktitle={IEEE CNSM},
  pages={473--481},
  year={2021}
}

@inproceedings{huang2014ld,
  title={Ld-sketch: A distributed sketching design for accurate and scalable anomaly detection in network data streams},
  author={Huang, Qun and Lee, Patrick PC},
  booktitle={IEEE INFOCOM},
  pages={1420--1428},
  year={2014}
}

@inproceedings{ye2022ua,
  title={UA-Sketch: An Accurate Approach to Detect Heavy Flow based on Uninterrupted Arrival},
  author={Ye, Jin and others},
  booktitle={ACM ICPP},
  pages={1--11},
  year={2022}
}

@article{wu2018network,
  title={Network measurement for 100 GbE network links using multicore processors},
  author={Wu, Xiaoban and Li, Peilong and Ran, Yongyi and Luo, Yan},
  journal={Future Generation Computer Systems},
  volume={79},
  pages={180--189},
  year={2018},
  publisher={Elsevier}
}

@article{zhang2019flowatcher,
  title={FloWatcher-DPDK: Lightweight line-rate flow-level monitoring in software},
  author={Zhang, Tianzhu and others},
  journal={IEEE Transactions on Network and Service Management},
  volume={16},
  number={3},
  pages={1143--1156},
  year={2019},
  publisher={IEEE}
}

@article{vieira2020fast,
  title={Fast packet processing with ebpf and xdp: Concepts, code, challenges, and applications},
  author={Vieira, Marcos AM and others},
  journal={ACM Computing Surveys},
  volume={53},
  number={1},
  pages={1--36},
  year={2020},
  publisher={ACM}
}

@article{miano2023fast,
  title={Fast In-kernel Traffic Sketching in eBPF},
  author={Miano, Sebastiano and others},
  journal={ACM SIGCOMM Computer Communication Review},
  volume={53},
  number={1},
  year={2023}
}

@article{cormode2005s,
  title={What's new: Finding significant differences in network data streams},
  author={Cormode, Graham and Muthukrishnan, Shanmugavelayutham},
  journal={IEEE/ACM Transactions on Networking},
  volume={13},
  number={6},
  pages={1219--1232},
  year={2005},
  publisher={IEEE}
}

@inproceedings{assaf2018pay,
  title={Pay for a sliding bloom filter and get counting, distinct elements, and entropy for free},
  author={Assaf, Eran and Basat, Ran Ben and Einziger, Gil and Friedman, Roy},
  booktitle={IEEE INFOCOM},
  pages={2204--2212},
  year={2018}
}

@inproceedings{charikar2002finding,
  title={Finding frequent items in data streams},
  author={Charikar, Moses and others},
  booktitle={Springer ICALP},
  pages={693--703},
  year={2002}
}

@inproceedings{arzani2016taking,
  title={Taking the blame game out of data centers operations with netpoirot},
  author={Arzani, Behnaz and Ciraci, Selim and Loo, Boon Thau and Schuster, Assaf and Outhred, Geoff},
  booktitle={ACM SIGCOMM},
  pages={440--453},
  year={2016}
}


@inproceedings{chen2016felix,
  title={Felix: Implementing traffic measurement on end hosts using program analysis},
  author={Chen, Haoxian and Foster, Nate and Silverman, Jake and Whittaker, Michael and Zhang, Brandon and Zhang, Rene},
  booktitle={ACM SOSR},
  pages={1--12},
  year={2016}
}

@inproceedings{nguyen2013fchain,
  title={FChain: Toward black-box online fault localization for cloud systems},
  author={Nguyen, Hiep and Shen, Zhiming and Tan, Yongmin and Gu, Xiaohui},
  booktitle={IEEE ICDCS},
  pages={21--30},
  year={2013}
}

@inproceedings{yu2011profiling,
  title={Profiling Network Performance for Multi-tier Data Center Applications.},
  author={Yu, Minlan and others},
  booktitle={USENIX NSDI},
  pages = {57â€“70},
  year={2011}
}


@inproceedings{kandula2009detailed,
  title={Detailed diagnosis in computer networks},
  author={Kandula, Srikanth and Mahajan, Ratul and Verkaik, Patrick and others},
  booktitle={ACM SIGCOMM},
  pages = {243â€“254},
  year={2009}
}

@inproceedings{kannan2019grandslam,
  title={Grandslam: Guaranteeing slas for jobs in microservices execution frameworks},
  author={Kannan, Ram Srivatsa and Subramanian, Lavanya and Raju, Ashwin and Ahn, Jeongseob and Mars, Jason and Tang, Lingjia},
  booktitle={ACM EuroSys},
  pages={1--16},
  year={2019}
}

@inproceedings{subramanian2017genesis,
  title={Genesis: Synthesizing forwarding tables in multi-tenant networks},
  author={Subramanian, Kausik and others},
  booktitle={ACM POPL},
  pages={572--585},
  year={2017}
}

@article{mudigonda2011netlord,
  title={NetLord: a scalable multi-tenant network architecture for virtualized datacenters},
  author={Mudigonda, Jayaram and others},
  journal={ACM SIGCOMM Computer Communication Review},
  volume={41},
  number={4},
  pages={62--73},
  year={2011},
  publisher={ACM}
}

@inproceedings{tu2021revisiting,
  title={Revisiting the open vswitch dataplane ten years later},
  author={Tu, William and Wei, Yi-Hung and Antichi, Gianni and Pfaff, Ben},
  booktitle={ACM SIGCOMM},
  pages={245--257},
  year={2021}
}

@inproceedings{pfaff2015design,
  title={The design and implementation of open vswitch},
  author={Pfaff, Ben and others},
  booktitle={USENIX NSDI},
  pages={117--130},
  year={2015}
}

@inproceedings{viswanathan2020network,
  title={Network-accelerated distributed machine learning for multi-tenant settings},
  author={Viswanathan, Raajay and Balasubramanian, Arjun and Akella, Aditya},
  booktitle={ACM SoCC},
  pages={447--461},
  year={2020}
}

@article{li2018ease,
  title={Ease. ml: Towards multi-tenant resource sharing for machine learning workloads},
  author={Li, Tian and Zhong, Jie and Liu, Ji and Wu, Wentao and Zhang, Ce},
  journal={Proceedings of the VLDB Endowment},
  volume={11},
  number={5},
  pages={607--620},
  year={2018},
  publisher={VLDB Endowment}
}

@inproceedings{yu2020netlock,
  title={Netlock: Fast, centralized lock management using programmable switches},
  author={Yu, Zhuolong and others},
  booktitle={ACM SIGCOMM},
  pages={126--138},
  year={2020}
}

@inproceedings{chen2022torp,
  title={Torp: Full-Coverage and Low-Overhead Profiling of Host-Side Latency},
  author={Chen, Xiang and Liu, Hongyan and Guo, Junyi and others},
  booktitle={IEEE INFOCOM},
  pages={1--10},
  year={2022}
}

@inproceedings{chen2019fine,
  title={Fine-grained queue measurement in the data plane},
  author={Chen, Xiaoqi and Feibish, Shir Landau and Koral, Yaron and others},
  booktitle={ACM CoNEXT},
  pages={15--29},
  year={2019}
}

@inproceedings{chen2021lightnf,
  title={LightNF: Simplifying Network Function Offloading in Programmable Networks},
  author={Chen, Xiang and others},
  booktitle={IEEE/ACM IWQOS},
  pages={1--10},
  year={2021}
}

@inproceedings{teixeira2020packetscope,
  title={PacketScope: Monitoring the packet lifecycle inside a switch},
  author={Teixeira, Ross and others},
  booktitle={ACM SOSR},
  pages={76--82},
  year={2020}
}

@inproceedings{arzani2018007,
  title={007: Democratically finding the cause of packet drops},
  author={Arzani, Behnaz and Ciraci, Selim and Chamon, Luiz and Zhu, Yibo and Liu, Hongqiang Harry and Padhye, Jitu and Loo, Boon Thau and Outhred, Geoff},
  booktitle={USENIX NSDI},
  pages={419--435},
  year={2018}
}

@inproceedings{ben2020pint,
  title={PINT: Probabilistic in-band network telemetry},
  author={Ben Basat, Ran and others},
  booktitle={ACM SIGCOMM},
  pages={662--680},
  year={2020}
}

@inproceedings{wang2021programmable,
  title={Programmable in-network obfuscation of DNS traffic},
  author={Wang, Liang and Kim, Hyojoon and Mittal, Prateek and Rexford, Jennifer},
  booktitle={NDSS: DNS Privacy Workshop},
  year={2021}
}

@article{kim2021experience,
  title={Experience-driven research on programmable networks},
  author={Kim, Hyojoon and Chen, Xiaoqi and Brassil, Jack and Rexford, Jennifer},
  journal={ACM SIGCOMM Computer Communication Review},
  volume={51},
  number={1},
  pages={10--17},
  year={2021},
  publisher={ACM}
}

@inproceedings{hollingsworth2020p4ec,
  title={P4EC: Enabling Terabit Edge Computing in Enterprise 4G $\{$LTE$\}$},
  author={Hollingsworth, Max and others},
  booktitle={USENIX HotEdge},
  year={2020}
}

@inproceedings{soni2020composing,
  title={Composing dataplane programs with $\mu$P4},
  author={Soni, Hardik and Rifai, Myriana and Kumar, Praveen and Doenges, Ryan and Foster, Nate},
  booktitle={ACM SIGCOMM},
  pages={329--343},
  year={2020}
}

@inproceedings{sheng2021deltaint,
  title={DeltaINT: Toward general in-band network telemetry with extremely low bandwidth overhead},
  author={Sheng, Siyuan and Huang, Qun and Lee, Patrick PC},
  booktitle={IEEE ICNP},
  pages={1--11},
  year={2021}
}

@inproceedings{swamy2022taurus,
  title={Taurus: a data plane architecture for per-packet ML},
  author={Swamy, Tushar and others},
  booktitle={ACM ASPLOS},
  pages={1099--1114},
  year={2022}
}

@incollection{li2019hpcc,
  title={HPCC: High precision congestion control},
  author={Li, Yuliang and others},
  booktitle={ACM SIGCOMM},
  pages={44--58},
  year={2019}
}

@inproceedings{gao2020switch,
  title={Switch code generation using program synthesis},
  author={Gao, Xiangyu and Kim, Taegyun and Wong, Michael D and others},
  booktitle={ACM SIGCOMM},
  pages={44--61},
  year={2020}
}

@inproceedings{zhu2022netvrm,
  title={NetVRM: Virtual Register Memory for Programmable Networks},
  author={Zhu, Hang and Wang, Tao and Hong, Yi and Ports, Dan RK and Sivaraman, Anirudh and Jin, Xin},
  booktitle={USENIX NSDI},
  pages={155--170},
  year={2022}
}

@inproceedings{li2022cetus,
  title={Cetus: Releasing P4 Programmers from the Chore of Trial and Error Compiling},
  author={Li, Yifan and others},
  booktitle={USENIX NSDI},
  pages={371--385},
  year={2022}
}

@inproceedings{wintermeyer2020p2go,
  title={P2GO: P4 profile-guided optimizations},
  author={Wintermeyer, Patrick and Apostolaki, Maria and Dietm{\"u}ller, Alexander and Vanbever, Laurent},
  booktitle={ACM HotNets},
  pages={146--152},
  year={2020}
}

@inproceedings{foster2011frenetic,
  title={Frenetic: a network programming language},
  author={Foster, Nate and Harrison, Rob and Freedman, Michael J and Monsanto, Christopher and Rexford, Jennifer and Story, Alec and Walker, David},
  booktitle={ACM ICFP},
  pages={279--291},
  year={2011}
}

@inproceedings{monsanto2012compiler,
  title={A compiler and run-time system for network programming languages},
  author={Monsanto, Christopher and Foster, Nate and Harrison, Rob and Walker, David},
  booktitle={ACM POPL},
  pages={217--230},
  year={2012}
}

@inproceedings{mcclurg2016event,
  title={Event-driven network programming},
  author={McClurg, Jedidiah and Hojjat, Hossein and Foster, Nate and {\v{C}}ern{\`y}, Pavol},
  booktitle={ACM PLDI},
  pages={369--385},
  year={2016}
}

@article{yu2008rethinking,
  title={Rethinking virtual network embedding: Substrate support for path splitting and migration},
  author={Yu, Minlan and Yi, Yung and Rexford, Jennifer and Chiang, Mung},
  journal={ACM SIGCOMM Computer Communication Review},
  volume={38},
  number={2},
  pages={17--29},
  year={2008},
  publisher={ACM}
}

@inproceedings{narayanan2021solving,
  title={Solving Large-Scale Granular Resource Allocation Problems Efficiently with POP},
  author={Narayanan, Deepak and Kazhamiaka, Fiodar and Abuzaid, Firas and Kraft, Peter and Agrawal, Akshay and Kandula, Srikanth and Boyd, Stephen and Zaharia, Matei},
  booktitle={ACM SOSP},
  pages={521--537},
  year={2021}
}

@inproceedings{suresh2020building,
  title={Building scalable and flexible cluster managers using declarative programming},
  author={Suresh, Lalith and Loff, Jo{\~a}o and Kalim, Faria and Jyothi, Sangeetha Abdu and Narodytska, Nina and Ryzhyk, Leonid and Gamage, Sahan and Oki, Brian and Jain, Pranshu and Gasch, Michael},
  booktitle={USENIX OSDI},
  pages={827--844},
  year={2020}
}

@inproceedings{newell2021ras,
  title={RAS: Continuously Optimized Region-Wide Datacenter Resource Allocation},
  author={Newell, Andrew and Skarlatos, Dimitrios and Fan, Jingyuan and Kumar, Pavan and Khutornenko, Maxim and Pundir, Mayank and Zhang, Yirui and Zhang, Mingjun and Liu, Yuanlai and Le, Linh and others},
  booktitle={ACM SOSP},
  pages={505--520},
  year={2021}
}

@inproceedings{mahimkar2021composition,
  title={A composition framework for change management},
  author={Mahimkar, Ajay and de Andrade, Carlos Eduardo and Sinha, Rakesh and Rana, Giritharan},
  booktitle={ACM SIGCOMM},
  pages={788--806},
  year={2021}
}

@article{lukovszki2016s,
  title={It's a match! near-optimal and incremental middlebox deployment},
  author={Lukovszki, Tamas and Rost, Matthias and Schmid, Stefan},
  journal={ACM SIGCOMM Computer Communication Review},
  volume={46},
  number={1},
  pages={30--36},
  year={2016},
  publisher={ACM}
}

@inproceedings{lee2015efficient,
  title={Efficient inverse maintenance and faster algorithms for linear programming},
  author={Lee, Yin Tat and Sidford, Aaron},
  booktitle={IEEE FOCS},
  pages={230--249},
  year={2015}
}

@inproceedings{chen2021mtp,
  title={MTP: Avoiding control plane overload with measurement task placement},
  author={Chen, Xiang and Huang, Qun and Wang, Peiqiao and Liu, Hongyan and Chen, Yuxin and Zhang, Dong and Zhou, Haifeng and Wu, Chunming},
  booktitle={IEEE INFOCOM},
  pages={1--10},
  year={2021}
}

@article{al2008scalable,
  title={A scalable, commodity data center network architecture},
  author={Al-Fares, Mohammad and Loukissas, Alexander and Vahdat, Amin},
  journal={ACM SIGCOMM computer communication review},
  volume={38},
  number={4},
  pages={63--74},
  year={2008},
  publisher={ACM}
}

@inproceedings{singla2012jellyfish,
  title={Jellyfish: Networking data centers randomly},
  author={Singla, Ankit and Hong, Chi-Yao and Popa, Lucian and Godfrey, P Brighten},
  booktitle={USENIX NSDI},
  pages={225--238},
  year={2012}
}

@inproceedings{kim2021redplane,
  title={Redplane: Enabling fault-tolerant stateful in-switch applications},
  author={Kim, Daehyeok and Nelson, Jacob and Ports, Dan RK and Sekar, Vyas and Seshan, Srinivasan},
  booktitle={ACM SIGCOMM},
  pages={223--244},
  year={2021}
}

@inproceedings{liu2016mozart,
  title={MOZART: Temporal coordination of measurement},
  author={Liu, Xuemei and Shirazipour, Meral and Yu, Minlan and Zhang, Ying},
  booktitle={ACM SOSR},
  pages={1--12},
  year={2016}
}

@inproceedings{gao2020lyra,
  title={Lyra: A cross-platform language and compiler for data plane programming on heterogeneous asics},
  author={Gao, Jiaqi and Zhai, Ennan and Liu, Hongqiang Harry and others},
  booktitle={ACM SIGCOMM},
  pages={435--450},
  year={2020}
}

@inproceedings{monsanto2013composing,
  title={Composing software defined networks},
  author={Monsanto, Christopher and Reich, Joshua and Foster, Nate and Rexford, Jennifer and Walker, David},
  booktitle={USENIX NSDI},
  pages={1--13},
  year={2013}
}

@article{bu2010sequential,
  title={Sequential hashing: A flexible approach for unveiling significant patterns in high speed networks},
  author={Bu, Tian and Cao, Jin and Chen, Aiyou and Lee, Patrick PC},
  journal={Computer Networks},
  volume={54},
  number={18},
  pages={3309--3326},
  year={2010},
  publisher={Elsevier}
}

@inproceedings{cormode2003finding,
  title={Finding hierarchical heavy hitters in data streams},
  author={Cormode, Graham and Korn, Flip and Muthukrishnan, Shanmugavelayutham and Srivastava, Divesh},
  booktitle={VLDB},
  pages={464--475},
  year={2003}
}

@inproceedings{song2020fcm,
  title={FCM-sketch: generic network measurements with data plane support},
  author={Song, Cha Hwan and others},
  booktitle={ACM CoNEXT},
  pages={78--92},
  year={2020}
}

@article{bloom1970space,
  title={Space/time trade-offs in hash coding with allowable errors},
  author={Bloom, Burton H},
  journal={Communications of the ACM},
  volume={13},
  number={7},
  pages={422--426},
  year={1970},
  publisher={ACM}
}

@inproceedings{marques2020intsight,
  title={Intsight: Diagnosing slo violations with in-band network telemetry},
  author={Marques, Jonatas and Levchenko, Kirill and Gaspary, Luciano},
  booktitle={ACM CoNEXT},
  pages={421--434},
  year={2020}
}

@inproceedings{choffnes2010crowdsourcing,
  title={Crowdsourcing service-level network event monitoring},
  author={Choffnes, David R and Bustamante, Fabi{\'a}n E and Ge, Zihui},
  booktitle={ACM SIGCOMM},
  pages={387--398},
  year={2010}
}

@inproceedings{grant2020smartnic,
  title={SmartNIC performance isolation with FairNIC: Programmable networking for the cloud},
  author={Grant, Stewart and Yelam, Anil and Bland, Maxwell and Snoeren, Alex C},
  booktitle={ACM SIGCOMM},
  pages={681--693},
  year={2020}
}

@inproceedings{pan2021sailfish,
  title={Sailfish: Accelerating cloud-scale multi-tenant multi-service gateways with programmable switches},
  author={Pan, Tian and Yu, Nianbing and Jia, Chenhao and others},
  booktitle={ACM SIGCOMM},
  pages={194--206},
  year={2021}
}

@inproceedings{sultana2021flightplan,
  title={Flightplan: Dataplane disaggregation and placement for p4 programs},
  author={Sultana, Nik and others},
  booktitle={USENIX NSDI},
  pages={571--592},
  year={2021}
}

@inproceedings{hogan2022modular,
  title={Modular Switch Programming Under Resource Constraints},
  author={Hogan, Mary and Landau-Feibish, Shir and Arashloo, Mina Tahmasbi and Rexford, Jennifer and Walker, David},
  booktitle={USENIX NSDI},
  pages={1--15},
  year={2022}
}

@inproceedings{flajolet2007hyperloglog,
  title={Hyperloglog: the analysis of a near-optimal cardinality estimation algorithm},
  author={Flajolet, Philippe and Fusy, {\'E}ric and Gandouet, Olivier and Meunier, Fr{\'e}d{\'e}ric},
  booktitle={Discrete Mathematics and Theoretical Computer Science},
  pages={137--156},
  year={2007},
  organization={Discrete Mathematics and Theoretical Computer Science}
}

@inproceedings{krishnamurthy2003sketch,
  title={Sketch-based change detection: Methods, evaluation, and applications},
  author={Krishnamurthy, Balachander and Sen, Subhabrata and Zhang, Yin and Chen, Yan},
  booktitle={ACM IMC},
  pages={234--247},
  year={2003}
}

@inproceedings{anup2022hetero,
  title={HeteroSketch: Coordinating Network-wide Monitoring in Heterogeneous and Dynamic Networks},
  author={Anup, Agarwal and Zaoxing, Liu and Srinivasan, Seshan},
  booktitle={USENIX NSDI},
  pages={1--23},
  year={2022}
}

@article{kumar2004data,
  title={Data streaming algorithms for efficient and accurate estimation of flow size distribution},
  author={Kumar, Abhishek and Sung, Minho and Xu, Jun and Wang, Jia},
  journal={ACM SIGMETRICS Performance Evaluation Review},
  volume={32},
  number={1},
  pages={177--188},
  year={2004},
  publisher={ACM}
}

@inproceedings{estan2003bitmap,
  title={Bitmap algorithms for counting active flows on high speed links},
  author={Estan, Cristian and Varghese, George and Fisk, Mike},
  booktitle={ACM IMC},
  pages={153--166},
  year={2003}
}

@inproceedings{zhao2005joint,
  title={Joint Data Streaming and Sampling Techniques for Detection of Super Sources and Destinations.},
  author={Zhao, Qi and Kumar, Abhishek and Jun (Jim) Xu},
  booktitle={ACM IMC},
  pages={77--90},
  year={2005}
}

@inproceedings{tang2020spreadsketch,
  title={SpreadSketch: Toward invertible and network-wide detection of superspreaders},
  author={Tang, Lu and others},
  booktitle={IEEE INFOCOM},
  pages={1608--1617},
  year={2020}
}

@inproceedings{huang2021toward,
  title={Toward Nearly-Zero-Error Sketching via Compressive Sensing},
  author={Huang, Qun and others},
  booktitle={USENIX NSDI},
  pages={1027--1044},
  year={2021}
}

@inproceedings{zhang2021cocosketch,
  title={CocoSketch: high-performance sketch-based measurement over arbitrary partial key query},
  author={Zhang, Yinda and Liu, Zaoxing and Wang, Ruixin and others},
  booktitle={ACM SIGCOMM},
  pages={207--222},
  year={2021}
}

@inproceedings{namkung2022sketchlib,
  title={Sketchlib: Enabling efficient sketch-based monitoring on programmable switches},
  author={Namkung, Hun and others},
  booktitle={USENIX NSDI},
  pages={1--17},
  year={2022}
}

@inproceedings{becchi2008workload,
  title={A workload for evaluating deep packet inspection architectures},
  author={Becchi, Michela and Franklin, Mark and Crowley, Patrick},
  booktitle={IEEE IISWC},
  pages={79--89},
  year={2008}
}

@article{mosberger1998httperf,
  title={httperfâ€”a tool for measuring web server performance},
  author={Mosberger, David and Jin, Tai},
  journal={ACM SIGMETRICS Performance Evaluation Review},
  volume={26},
  number={3},
  pages={31--37},
  year={1998},
  publisher={ACM}
}

@inproceedings{wette2014maxinet,
  title={Maxinet: Distributed emulation of software-defined networks},
  author={Wette, Philip and Dr{\"a}xler, Martin and Schwabe, Arne and Wallaschek, Felix and Zahraee, Mohammad Hassan and Karl, Holger},
  booktitle={IFIP/IEEE Networking},
  pages={1--9},
  year={2014}
}

@article{adeleke2022network,
  title={Network Traffic Generation: A Survey and Methodology},
  author={Adeleke, Oluwamayowa Ade and Bastin, Nicholas and Gurkan, Deniz},
  journal={ACM Computing Surveys (CSUR)},
  volume={55},
  number={2},
  pages={1--23},
  year={2022},
  publisher={ACM}
}

@inproceedings{panda2021smartwatch,
  title={SmartWatch: accurate traffic analysis and flow-state tracking for intrusion prevention using SmartNICs},
  author={Panda, Sourav and Feng, Yixiao and Kulkarni, Sameer G and Ramakrishnan, KK and Duffield, Nick and Bhuyan, Laxmi N},
  booktitle={ACM CoNEXT},
  pages={60--75},
  year={2021}
}

@inproceedings{zhou2020flow,
  title={Flow Event Telemetry on Programmable Data Plane},
author = {Zhou, Yu and Sun, Chen and Liu, Hongqiang Harry and others},
  booktitle={ACM SIGCOMM},
  pages={76--89},
  year={2020}
}

@inproceedings{chen2020measuring,
  title={Measuring TCP round-trip time in the data plane},
  author={Chen, Xiaoqi and Kim, Hyojoon and Aman, Javed M and Chang, Willie and Lee, Mack and Rexford, Jennifer},
  booktitle={SPIN},
  pages={35--41},
  year={2020}
}

@inproceedings{kogias2020slog,
  title={SLOG: Your switch is also your load-generator},
  author={Kogias, Marios and Weber, Martin and Bugnion, Edouard},
  booktitle={USENIX NSDI Posters},
  year={2020}
}

@inproceedings{kuzmanovic2003low,
  title={Low-rate TCP-targeted denial of service attacks: the shrew vs. the mice and elephants},
  author={Kuzmanovic, Aleksandar and Knightly, Edward W},
  booktitle={ACM SIGCOMM},
  pages={75--86},
  year={2003}
}

@article{carbone2015apache,
  title={Apache flink: Stream and batch processing in a single engine},
  author={Carbone, Paris and Katsifodimos, Asterios and Ewen, Stephan and Markl, Volker and Haridi, Seif and Tzoumas, Kostas},
  journal={Bulletin of the IEEE Computer Society Technical Committee on Data Engineering},
  volume={36},
  number={4},
  year={2015},
  publisher={IEEE Computer Society}
}

@inproceedings{wang2017p4fpga,
  title={P4fpga: A rapid prototyping framework for p4},
  author={Wang, Han and Soul{\'e}, Robert and Dang, Huynh Tu and Lee, Ki Suh and Shrivastav, Vishal and Foster, Nate and Weatherspoon, Hakim},
  booktitle={ACM SOSR},
  pages={122--135},
  year={2017}
}

@article{park2021formullar,
  title={Formullar: An FPGA-based network testing tool for flexible and precise measurement of ultra-low latency networking systems},
  author={Park, Taejune and Shin, Seungwon and Shin, Insik and Lee, Kilho},
  journal={Computer Networks},
  volume={185},
  pages={107689},
  year={2021},
  publisher={Elsevier}
}

@inproceedings{oeldemann2018fluent10g,
  title={FlueNT10G: A programmable FPGA-based network tester for multi-10-gigabit ethernet},
  author={Oeldemann, Andreas and Wild, Thomas and Herkersdorf, Andreas},
  booktitle={IEEE FPL},
  pages={178--187},
  year={2018}
}

@inproceedings{covington2009packet,
  title={A packet generator on the NetFPGA platform},
  author={Covington, G Adam and Gibb, Glenn and Lockwood, John W and McKeown, Nick},
  booktitle={IEEE FCCM},
  pages={235--238},
  year={2009}
}

@inproceedings{antichi2015enabling,
  title={Enabling performance evaluation beyond 10 gbps},
  author={Antichi, Gianni and Rotsos, Charalampos and Moore, Andrew W},
  booktitle={ACM SIGCOMM Poster},
  pages={369--370},
  year={2015}
}

@article{zilberman2015netfpga,
  title={NetFPGA: Rapid prototyping of networking devices in open source},
  author={Zilberman, Noa and Audzevich, Yury and Kalogeridou, Georgina and Manihatty-Bojan, Neelakandan and Zhang, Jingyun and Moore, Andrew},
  journal={ACM SIGCOMM Computer Communication Review},
  volume={45},
  number={4},
  pages={363--364},
  year={2015},
  publisher={ACM}
}

@article{fan2000summary,
  title={Summary cache: a scalable wide-area web cache sharing protocol},
  author={Fan, Li and Cao, Pei and Almeida, Jussara and Broder, Andrei Z},
  journal={IEEE/ACM Transactions on Networking},
  volume={8},
  number={3},
  pages={281--293},
  year={2000},
  publisher={IEEE}
}

@inproceedings{chen2020beaucoup,
  title={Beaucoup: Answering many network traffic queries, one memory update at a time},
  author={Chen, Xiaoqi and others},
  booktitle={ACM SIGCOMM},
  pages={226--239},
  year={2020}
}

@article{heinanen1999two,
  title={A two rate three color marker},
  author={Heinanen, Juha and Gu{\'e}rin, Roch},
  year={1999},
  journal={RFC 2698}
}

@article{yang2005limiting,
  title={A DoS-limiting network architecture},
  author={Yang, Xiaowei and Wetherall, David and Anderson, Thomas},
  journal={ACM SIGCOMM Computer Communication Review},
  volume={35},
  number={4},
  pages={241--252},
  year={2005},
  publisher={ACM}
}

@article{erlacher2020high,
  title={On high-speed flow-based intrusion detection using snort-compatible signatures},
  author={Erlacher, Felix and Dressler, Falko},
  journal={IEEE Transactions on Dependable and Secure Computing},
  year={2020},
  publisher={IEEE}
}

@article{wang2011advanced,
  title={Advanced DDoS attacks traffic simulation with a test center platform},
  author={Wang, Jie and Phan, Raphael C-W and Whitley, John N and Parish, David J},
  journal={International Journal for Information Security Research},
  volume={1},
  number={4},
  pages={169--177},
  year={2011}
}

@article{tang2020fast,
  title={A fast and compact invertible sketch for network-wide heavy flow detection},
  author={Tang, Lu and Huang, Qun and Lee, Patrick PC},
  journal={IEEE/ACM Transactions on Networking},
  volume={28},
  number={5},
  pages={2350--2363},
  year={2020},
  publisher={IEEE}
}

@article{miano2019securing,
  title={Securing Linux with a faster and scalable iptables},
  author={Miano, Sebastiano and Bertrone, Matteo and Risso, Fulvio and Bernal, Mauricio V{\'a}squez and Lu, Yunsong and Pi, Jianwen},
  journal={ACM SIGCOMM Computer Communication Review},
  volume={49},
  number={3},
  pages={2--17},
  year={2019},
  publisher={ACM}
}

@article{van2020accelerating,
  title={Accelerating Virtual Network Functions with Fast-Slow Path Architecture using eXpress Data Path},
  author={Van Tu, Nguyen and Yoo, Jae-Hyoung and Hong, James Won-Ki},
  journal={IEEE Transactions on Network and Service Management},
  volume={17},
  number={3},
  pages={1474--1486},
  year={2020},
  publisher={IEEE}
}

@article{miano2021framework,
  title={A framework for eBPF-based network functions in an era of microservices},
  author={Miano, Sebastiano and Risso, Fulvio and Bernal, Mauricio V{\'a}squez and Bertrone, Matteo and Lu, Yunsong},
  journal={IEEE Transactions on Network and Service Management},
  volume={18},
  number={1},
  pages={133--151},
  year={2021},
  publisher={IEEE}
}

@article{bruschi2021flowfight,
  title={FlowFight: High performance-low memory top-k spreader detection},
  author={Bruschi, Valerio and Pontarelli, Salvatore and Tollet, Jerome and Barach, Dave and Bianchi, Giuseppe},
  journal={Computer Networks},
  volume = {196},
  pages = {108239},
  year = {2021},
  publisher={Elsevier}
}

@inproceedings{hoiland2018express,
  title={The express data path: Fast programmable packet processing in the operating system kernel},
  author={H{\o}iland-J{\o}rgensen, Toke and others},
  booktitle={ACM CoNEXT},
  pages={54--66},
  year={2018}
}

@inproceedings{wang2017vprom,
  title={vprom: Vswitch enhanced programmable measurement in sdn},
  author={Wang, An and Guo, Yang and Chen, Songqing and Hao, Fang and Lakshman, TV and Montgomery, Doug and Sriram, Kotikalapudi},
  booktitle={IEEE ICNP},
  pages={1--10},
  year={2017}
}

@inproceedings{ben2017constant,
  title={Constant time updates in hierarchical heavy hitters},
  author={Ben Basat, Ran and others},
  booktitle={ACM SIGCOMM},
  pages={127--140},
  year={2017}
}

@inproceedings{liu2019nitrosketch,
  title={Nitrosketch: Robust and general sketch-based monitoring in software switches},
  author={Liu, Zaoxing and others},
  booktitle={ACM SIGCOMM},
  pages={334--350},
  year={2019}
}

@article{abdulqadder2018deployment,
  title={Deployment of robust security scheme in SDN based 5G network over NFV enabled cloud environment},
  author={Abdulqadder, Ihsan and Zou, Deqing and Aziz, Israa and Yuan, Bin and Dai, Weiqi},
  journal={IEEE Transactions on Emerging Topics in Computing},
  year={2021},
  volume={9},
  number={2},
  pages={866-877},
  publisher={IEEE}
}

@inproceedings{luo2005new,
  title={On a new class of pulsing denial-of-service attacks and the defense.},
  author={Luo, Xiapu and Chang, Rocky KC},
  booktitle={NDSS},
  year={2005}
}

@article{tan2007distributed,
  title={A distributed throttling approach for handling high bandwidth aggregates},
  author={Tan, Chee Wei and Chiu, Dah-Ming and Lui, John CS and Yau, David KY},
  journal={IEEE Transactions on Parallel and Distributed Systems},
  volume={18},
  number={7},
  pages={983--995},
  year={2007},
  publisher={IEEE}
}

@article{tan2020stability,
  title={Stability of TCP/AQM networks under DDoS attacks with design},
  author={Tan, Liansheng and Huang, Kaijiao and Peng, Gang and Chen, Guanrong},
  journal={IEEE Transactions on Network Science and Engineering},
  volume={7},
  number={4},
  pages={3042--3056},
  year={2020},
  publisher={IEEE}
}

@article{khanna2011adaptive,
  title={Adaptive selective verification: An efficient adaptive countermeasure to thwart dos attacks},
  author={Khanna, Sanjeev and Venkatesh, Santosh S and Fatemieh, Omid and Khan, Fariba and Gunter, Carl A},
  journal={IEEE/ACM Transactions On Networking},
  volume={20},
  number={3},
  pages={715--728},
  year={2011},
  publisher={IEEE}
}

@inproceedings{sengar2009overloading,
  title={Overloading vulnerability of VoIP networks},
  author={Sengar, Hemant},
  booktitle={IEEE/IFIP DSN},
  pages={419--428},
  year={2009}
}

@inproceedings{kang2016spiffy,
  title={SPIFFY: Inducing Cost-Detectability Tradeoffs for Persistent Link-Flooding Attacks},
  author={Kang, Min Suk and Gligor, Virgil D and Sekar, Vyas},
  booktitle={NDSS},
  pages={53--55},
  year={2016}
}

@inproceedings{donenfeld2017wireguard,
  title={WireGuard: Next Generation Kernel Network Tunnel.},
  author={Donenfeld, Jason A},
  booktitle={NDSS},
  pages={1--12},
  year={2017}
}

@inproceedings{goltzsche2018endbox,
  title={EndBox: Scalable middlebox functions using client-side trusted execution},
  author={Goltzsche, David and R{\"u}sch, Signe and Nieke, Manuel and Vaucher, S{\'e}bastien and Weichbrodt, Nico and Schiavoni, Valerio and Aublin, Pierre-Louis and Cosa, Paolo and Fetzer, Christof and Felber, Pascal and others},
  booktitle={DSN},
  pages={386--397},
  year={2018}
}

@inproceedings{shang2017flooddefender,
  title={FloodDefender: Protecting data and control plane resources under SDN-aimed DoS attacks},
  author={Shang, Gao and Zhe, Peng and Bin, Xiao and Aiqun, Hu and Kui, Ren},
  booktitle={IEEE INFOCOM},
  pages={1--9},
  year={2017}
}

@inproceedings{zhang2007low,
  title={Low-Rate TCP-Targeted DoS Attack Disrupts Internet Routing},
  author={Zhang, Ying and Mao, Zhuoqing Morley and Wang, Jia},
  booktitle={NDSS},
  year={2007}
}

@article{thatte2010parametric,
  title={Parametric methods for anomaly detection in aggregate traffic},
  author={Thatte, Gautam and Mitra, Urbashi and Heidemann, John},
  journal={IEEE/ACM Transactions On Networking},
  volume={19},
  number={2},
  pages={512--525},
  year={2010},
  publisher={IEEE}
}

@article{abou2020bringing,
  title={Bringing intelligence to software defined networks: mitigating DDoS attacks},
  author={Abou El Houda, Zakaria and Khoukhi, Lyes and Hafid, Abdelhakim Senhaji},
  journal={IEEE Transactions on Network and Service Management},
  volume={17},
  number={4},
  pages={2523--2535},
  year={2020},
  publisher={IEEE}
}

@article{ravi2020balance,
  title={BALANCE: Link flooding attack detection and mitigation via Hybrid-SDN},
  author={Ravi, Nagarathna and Shalinie, S Mercy and Theres, D Danyson Jose},
  journal={IEEE Transactions on Network and Service Management},
  volume={17},
  number={3},
  pages={1715--1729},
  year={2020},
  publisher={IEEE}
}

@article{kumar2018safety,
  title={SAFETY: Early detection and mitigation of TCP SYN flood utilizing entropy in SDN},
  author={Kumar, Prashant and Tripathi, Meenakshi and Nehra, Ajay and Conti, Mauro and Lal, Chhagan},
  journal={IEEE Transactions on Network and Service Management},
  volume={15},
  number={4},
  pages={1545--1559},
  year={2018},
  publisher={IEEE}
}

@article{simpson2018inter,
  title={An inter-domain collaboration scheme to remedy DDoS attacks in computer networks},
  author={Simpson, Steven and Shirazi, Syed Noorulhassan and Marnerides, Angelos and Jouet, Simon and Pezaros, Dimitrios and Hutchison, David},
  journal={IEEE Transactions on Network and Service Management},
  volume={15},
  number={3},
  pages={879--893},
  year={2018},
  publisher={IEEE}
}

@article{zheng2018realtime,
  title={Realtime DDoS defense using COTS SDN switches via adaptive correlation analysis},
  author={Zheng, Jing and Li, Qi and Gu, Guofei and Cao, Jiahao and Yau, David KY and Wu, Jianping},
  journal={IEEE Transactions on Information Forensics and Security},
  volume={13},
  number={7},
  pages={1838--1853},
  year={2018},
  publisher={IEEE}
}

@article{yan2018multi,
  title={A multi-level DDoS mitigation framework for the industrial Internet of Things},
  author={Yan, Qiao and Huang, Wenyao and Luo, Xupeng and Gong, Qingxiang and Yu, F Richard},
  journal={IEEE Communications Magazine},
  volume={56},
  number={2},
  pages={30--36},
  year={2018},
  publisher={IEEE}
}

@article{he2020distributed,
  title={Distributed Variational Bayes-Based In-Network Security for the Internet of Things},
  author={He, Wenji and Liu, Yifeng and Yao, Haipeng and Mai, Tianle and Zhang, Ni and Yu, F Richard},
  journal={IEEE Internet of Things Journal},
  volume={8},
  number={8},
  pages={6293--6304},
  year={2020},
  publisher={IEEE}
}

@article{yuan2016defending,
  title={Defending against flow table overloading attack in software-defined networks},
  author={Yuan, Bin and Zou, Deqing and Yu, Shui and Jin, Hai and Qiang, Weizhong and Shen, Jinan},
  journal={IEEE Transactions on Services Computing},
  volume={12},
  number={2},
  pages={231--246},
  year={2016},
  publisher={IEEE}
}

@article{aydeger2021strategic,
  title={Strategic Defense against Stealthy Link Flooding Attacks: A Signaling Game Approach},
  author={Aydeger, Abdullah and Manshaei, Mohammad Hossein and Rahman, Mohammad Ashiqur and Akkaya, Kemal},
  journal={IEEE Transactions on Network Science and Engineering},
  volume={8},
  number={1},
  pages={751--764},
  year={2021},
  publisher={IEEE}
}

@article{bhatia2014framework,
  title={A framework for generating realistic traffic for Distributed Denial-of-Service attacks and Flash Events},
  author={Bhatia, Sajal and Schmidt, Desmond and Mohay, George and Tickle, Alan},
  journal={Computers \& Security},
  volume={40},
  pages={95--107},
  year={2014},
  publisher={Elsevier}
}

@article{chertov2009fidelity,
  title={Fidelity of network simulation and emulation: A case study of tcp-targeted denial of service attacks},
  author={Chertov, Roman and Fahmy, Sonia and Shroff, Ness B},
  journal={ACM Transactions on Modeling and Computer Simulation},
  volume={19},
  number={1},
  pages={1--29},
  year={2009},
  publisher={ACM}
}

@article{thing2009locating,
  title={Locating network domain entry and exit point/path for DDoS attack traffic},
  author={Thing, Vrizlynn LL and Sloman, Morris and Dulay, Naranker},
  journal={IEEE Transactions on network and service management},
  volume={6},
  number={3},
  pages={163--174},
  year={2009},
  publisher={IEEE}
}

@inproceedings{walfish2006ddos,
  title={DDoS defense by offense},
  author={Walfish, Michael and Vutukuru, Mythili and Balakrishnan, Hari and Karger, David and Shenker, Scott},
  booktitle={ACM SIGCOMM},
  pages={303--314},
  year={2006}
}

@article{ma2019randomized,
  title={Randomized security patrolling for link flooding attack detection},
  author={Ma, Xiaobo and An, Bo and Zhao, Mengchen and Luo, Xiapu and Xue, Lei and Li, Zhenhua and Miu, Tony TN and Guan, Xiaohong},
  journal={IEEE Transactions on Dependable and Secure Computing},
  volume={17},
  number={4},
  pages={795--812},
  year={2019},
  publisher={IEEE}
}

@article{wahab2017optimal,
  title={Optimal load distribution for the detection of VM-based DDoS attacks in the cloud},
  author={Wahab, Omar Abdel and Bentahar, Jamal and Otrok, Hadi and Mourad, Azzam},
  journal={IEEE Transactions on Services Computing},
  volume={13},
  number={1},
  pages={114--129},
  year={2017},
  publisher={IEEE}
}

@inproceedings{liaskos2016novel,
  title={A novel framework for modeling and mitigating distributed link flooding attacks},
  author={Liaskos, Christos and Kotronis, Vasileios and Dimitropoulos, Xenofontas},
  booktitle={IEEE INFOCOM},
  pages={1--9},
  year={2016}
}

@article{mirkovic2005d,
  title={D-WARD: a source-end defense against flooding denial-of-service attacks},
  author={Mirkovic, Jelena and Reiher, Peter},
  journal={IEEE transactions on Dependable and Secure Computing},
  volume={2},
  number={3},
  pages={216--232},
  year={2005},
  publisher={IEEE}
}

@article{chen2007divide,
  title={A divide-and-conquer strategy for thwarting distributed denial-of-service attacks},
  author={Chen, Ruiliang and Park, Jung-Min and Marchany, Randolph},
  journal={IEEE Transactions on Parallel and Distributed Systems},
  volume={18},
  number={5},
  pages={577--588},
  year={2007},
  publisher={IEEE}
}

@inproceedings{noureddine2019revisiting,
  title={Revisiting client puzzles for state exhaustion attacks resilience},
  author={Noureddine, Mohammad A and Fawaz, Ahmed M and Hsu, Amanda and Guldner, Cody and Vijay, Sameer and Ba{\c{s}}ar, Tamer and Sanders, William H},
  booktitle={IEEE/IFIP DSN},
  pages={617--629},
  year={2019}
}

@inproceedings{demoulin2019detecting,
  title={Detecting asymmetric application-layer denial-of-service attacks in-flight with finelame},
  author={Demoulin, Henri Maxime and Pedisich, Isaac and Vasilakis, Nikos and Liu, Vincent and Loo, Boon Thau and Phan, Linh Thi Xuan},
  booktitle={USENIX ATC},
  pages={693--708},
  year={2019}
}

@article{zhou2021towards,
  title={Towards Proactive and Efficient DDoS Mitigation in IIoT Systems: A Moving Target Defense Approach},
  author={Zhou, Yuyang and Cheng, Guang and Zhao, Yuyu and Chen, Zihan and Jiang, Shanqing},
  journal={IEEE Transactions on Industrial Informatics},
  year={2021},
  publisher={IEEE}
}

@article{scherrer2007non,
  title={Non-gaussian and long memory statistical characterizations for internet traffic with anomalies},
  author={Scherrer, Antoine and Larrieu, Nicolas and Owezarski, Philippe and Borgnat, Pierre and Abry, Patrice},
  journal={IEEE Transactions on Dependable and Secure Computing},
  volume={4},
  number={1},
  pages={56--70},
  year={2007},
  publisher={IEEE}
}

@article{jia2020flowguard,
  title={Flowguard: An intelligent edge defense mechanism against IoT DDoS attacks},
  author={Jia, Yizhen and Zhong, Fangtian and Alrawais, Arwa and Gong, Bei and Cheng, Xiuzhen},
  journal={IEEE Internet of Things Journal},
  volume={7},
  number={10},
  pages={9552--9562},
  year={2020},
  publisher={IEEE}
}

@inproceedings{tran2019feasibility,
  title={On the feasibility of rerouting-based DDoS defenses},
  author={Tran, Muoi and Kang, Min Suk and Hsiao, Hsu-Chun and Chiang, Wei-Hsuan and Tung, Shu-Po and Wang, Yu-Su},
  booktitle={IEEE S\&P},
  pages={1169--1184},
  year={2019}
}

@inproceedings{smith2018routing,
  title={Routing around congestion: Defeating DDoS attacks and adverse network conditions via reactive BGP routing},
  author={Smith, Jared M and Schuchard, Max},
  booktitle={IEEE S\&P},
  pages={599--617},
  year={2018}
}

@article{hong2017sdn,
  title={SDN-assisted slow HTTP DDoS attack defense method},
  author={Hong, Kiwon and Kim, Youngjun and Choi, Hyungoo and Park, Jinwoo},
  journal={IEEE Communications Letters},
  volume={22},
  number={4},
  pages={688--691},
  year={2017},
  publisher={IEEE}
}

@article{luo2014mathematical,
  title={On a mathematical model for low-rate shrew DDoS},
  author={Luo, Jingtang and Yang, Xiaolong and Wang, Jin and Xu, Jie and Sun, Jian and Long, Keping},
  journal={IEEE Transactions on Information Forensics and Security},
  volume={9},
  number={7},
  pages={1069--1083},
  year={2014},
  publisher={IEEE}
}

@inproceedings{sivaraman2016packet,
  title={Packet transactions: High-level programming for line-rate switches},
  author={Sivaraman, Anirudh and others},
  booktitle={ACM SIGCOMM},
  pages={15--28},
  year={2016}
}

@inproceedings{zhou2019hypertester,
  title={HyperTester: high-performance network testing driven by programmable switches},
  author={Zhou, Yu and Xi, Zhaowei and Zhang, Dai and Wang, Yangyang and Wang, Jinqiu and Xu, Mingwei and Wu, Jianping},
  booktitle={ACM CoNEXT},
  pages={30--43},
  year={2019}
}

@article{chen2007collaborative,
  title={Collaborative detection of DDoS attacks over multiple network domains},
  author={Chen, Yu and Hwang, Kai and Ku, Wei-Shinn},
  journal={IEEE Transactions on Parallel and Distributed Systems},
  volume={18},
  number={12},
  pages={1649--1662},
  year={2007},
  publisher={IEEE}
}

@inproceedings{yaar2003pi,
  title={Pi: A path identification mechanism to defend against DDoS attacks},
  author={Yaar, Abraham and Perrig, Adrian and Song, Dawn},
  booktitle={IEEE S\&P},
  pages={93--107},
  year={2003}
}

@inproceedings{kotenko2006simulation,
  title={Simulation of internet DDoS attacks and defense},
  author={Kotenko, Igor and Ulanov, Alexander},
  booktitle={Springer ISPEC},
  pages={327--342},
  year={2006}
}

@inproceedings{afek2017network,
  title={Network anti-spoofing with SDN data plane},
  author={Afek, Yehuda and Bremler-Barr, Anat and Shafir, Lior},
  booktitle={IEEE INFOCOM},
  pages={1--9},
  year={2017}
}

@inproceedings{xing2021ripple,
  title={Ripple: A Programmable, Decentralized Link-Flooding Defense Against Adaptive Adversaries},
  author={Xing, Jiarong and Wu, Wenqing and Chen, Ang},
  booktitle={USENIX Security},
  year={2021}
}

@inproceedings{liu2021jaqen,
  title={Jaqen: A high-performance switch-native approach for detecting and mitigating volumetric ddos attacks with programmable switches},
  author={Liu, Zaoxing and Namkung, Hun and others},
  booktitle={USENIX Security},
  year={2021}
}

@inproceedings{ramanathan2018senss,
  title={SENSS against volumetric DDoS attacks},
  author={Ramanathan, Sivaramakrishnan and Mirkovic, Jelena and Yu, Minlan and Zhang, Ying},
  booktitle={ACSAC},
  pages={266--277},
  year={2018}
}

@inproceedings{fayaz2015bohatei,
  title={Bohatei: Flexible and elastic ddos defense},
  author={Fayaz, Seyed K and Tobioka, Yoshiaki and Sekar, Vyas and Bailey, Michael},
  booktitle={USENIX Security},
  pages={817--832},
  year={2015}
}

@article{praseed2018ddos,
  title={DDoS attacks at the application layer: Challenges and research perspectives for safeguarding web applications},
  author={Praseed, Amit and Thilagam, P Santhi},
  journal={IEEE Communications Surveys \& Tutorials},
  volume={21},
  number={1},
  pages={661--685},
  year={2018},
  publisher={IEEE}
}

@article{knight2011internet,
  title={The internet topology zoo},
  author={Knight, Simon and others},
  journal={IEEE Journal on Selected Areas in Communications},
  volume={29},
  number={9},
  pages={1765--1775},
  year={2011},
  publisher={IEEE}
}

@inproceedings{huang2020omnimon,
  title={Omnimon: Re-architecting network telemetry with resource efficiency and full accuracy},
  author={Huang, Qun and Sun, Haifeng and Lee, Patrick PC and Bai, Wei and Zhu, Feng and Bao, Yungang},
  booktitle={ACM SIGCOMM},
  pages={404--421},
  year={2020}
}

@inproceedings{wang2020martini,
  title={Martini: Bridging the Gap between Network Measurement and Control Using Switching ASICs},
  author={Wang, Shuhe and Sun, Chen and Meng, Zili and Wang, Minhu and Cao, Jiamin and Xu, Mingwei and Bi, Jun and Huang, Qun and Moshref, Masoud and Yang, Tong and Hu, Hongxin and Zhang, Gong},
  booktitle={IEEE ICNP},
  pages={1--12},
  year={2020}
}

@inproceedings{venkataraman2004new,
  title={New streaming algorithms for fast detection of superspreaders},
  author={Venkataraman, Shobha and Song, Dawn and Gibbons, Phillip B and Blum, Avrim},
  booktitle={NDSS},
  year={2005}
}

@inproceedings{ghorbani2017drill,
  title={Drill: Micro load balancing for low-latency data center networks},
  author={Ghorbani, Soudeh and Yang, Zibin and others},
  booktitle={ACM SIGCOMM},
  pages={225--238},
  year={2017}
}

@book{mitzenmacher2017probability,
  title={Probability and computing: Randomization and probabilistic techniques in algorithms and data analysis},
  author={Mitzenmacher, Michael and Upfal, Eli},
  year={2017},
  publisher={Cambridge university press}
}

@article{swamy2008fault,
  title={Fault-tolerant facility location},
  author={Swamy, Chaitanya and Shmoys, David B},
  journal={ACM Transactions on Algorithms (TALG)},
  volume={4},
  number={4},
  pages={1--27},
  year={2008}
}

@INPROCEEDINGS{chen2020speed,
  author={Chen, Xiang and others},
  booktitle={IEEE ICNP}, 
  title={SPEED: Resource-Efficient and High-Performance Deployment for Data Plane Programs}, 
  year={2020},
  volume={},
  number={},
  pages={1-12}
}

@article{chang2013leisure,
  title={LEISURE: Load-balanced network-wide traffic measurement and monitor placement},
  author={Chang, Chia-Wei and Huang, Guanyao and Lin, Bill and Chuah, Chen-Nee},
  journal={IEEE Transactions on Parallel and Distributed Systems},
  volume={26},
  number={4},
  pages={1059--1070},
  year={2013},
  publisher={IEEE}
}

@article{ma2014inferring,
  title={Inferring link metrics from end-to-end path measurements: Identifiability and monitor placement},
  author={Ma, Liang and He, Ting and Leung, Kin K and Swami, Ananthram and Towsley, Don},
  journal={IEEE/ACM Transactions on Networking},
  volume={22},
  number={4},
  pages={1351--1368},
  year={2014},
  publisher={IEEE}
}

@article{lange2015heuristic,
  title={Heuristic approaches to the controller placement problem in large scale SDN networks},
  author={Lange, Stanislav and Gebert, Steffen and Zinner, Thomas and Tran-Gia, Phuoc and Hock, David and Jarschel, Michael and Hoffmann, Marco},
  journal={IEEE Transactions on Network and Service Management},
  volume={12},
  number={1},
  pages={4--17},
  year={2015},
  publisher={IEEE}
}

@article{he2017robust,
  title={Robust and efficient monitor placement for network tomography in dynamic networks},
  author={He, Ting and Gkelias, Athanasios and Ma, Liang and Leung, Kin K and Swami, Ananthram and Towsley, Don},
  journal={IEEE/ACM Transactions on Networking},
  volume={25},
  number={3},
  pages={1732--1745},
  year={2017},
  publisher={IEEE}
}

@inproceedings{chen2020approsync,
  title={ApproSync: approximate state synchronization for programmable networks},
  author={Chen, Xiang and Huang, Qun and Zhang, Dong and Zhou, Haifeng and Wu, Chunming},
  booktitle={IEEE ICNP},
  pages={1--12},
  year={2020}
}

@INPROCEEDINGS{ChenMTP2021,
  author={Chen, Xiang and Huang, Qun and Wang, Peiqiao and Liu, Hongyan and Chen, Yuxin and Zhang, Dong and Zhou, Haifeng and Wu, Chunming},
  booktitle={IEEE INFOCOM}, 
  title={MTP: Avoiding Control Plane Overload with Measurement Task Placement}, 
  year={2021},
  volume={},
  number={},
  pages={1-10}
}

@article{demianiuk2020robust,
  title={Robust distributed monitoring of traffic flows},
  author={Demianiuk, Vitalii and Gorinsky, Sergey and Nikolenko, Sergey I and Kogan, Kirill},
  journal={IEEE/ACM Transactions on Networking},
  year={2020},
  volume={},
  number={},
  pages={1-14},
  publisher={IEEE}
}

@inproceedings{moshref2016trumpet,
  title={Trumpet: Timely and precise triggers in data centers},
  author={Moshref, Masoud and Yu, Minlan and Govindan, Ramesh and Vahdat, Amin},
  booktitle={ACM SIGCOMM},
  pages={129--143},
  year={2016}
}

@inproceedings{zhu2021network,
  title={Network planning with deep reinforcement learning},
  author={Zhu, Hang and Gupta, Varun and Ahuja, Satyajeet Singh and Tian, Yuandong and Zhang, Ying and Jin, Xin},
  booktitle={ACM SIGCOMM},
  pages={258--271},
  year={2021}
}

@inproceedings{kim2015nba,
  title={NBA (network balancing act) a high-performance packet processing framework for heterogeneous processors},
  author={Kim, Joongi and Jang, Keon and Lee, Keunhong and Ma, Sangwook and Shim, Junhyun and Moon, Sue},
  booktitle={Proceedings of the Tenth European Conference on Computer Systems},
  pages={1--14},
  year={2015}
}

@inproceedings{gallenmuller2015comparison,
  title={Comparison of frameworks for high-performance packet IO},
  author={Gallenm{\"u}ller, Sebastian and Emmerich, Paul and Wohlfart, Florian and Raumer, Daniel and Carle, Georg},
  booktitle={ANCS},
  pages={29--38},
  year={2015},
  organization={IEEE}
}

@article{agmon1954relaxation,
  title={The relaxation method for linear inequalities},
  author={Agmon, Shmuel},
  journal={Canadian Journal of Mathematics},
  volume={6},
  pages={382--392},
  year={1954},
  publisher={Cambridge University Press}
}

@article{estan2003new,
  title={New directions in traffic measurement and accounting: Focusing on the elephants, ignoring the mice},
  author={Estan, Cristian and Varghese, George},
  journal={ACM Transactions on Computer Systems},
  volume={21},
  number={3},
  pages={270--313},
  year={2003},
  publisher={ACM}
}

@article{claise2004cisco,
  title={Cisco systems netflow services export version 9},
  author={Claise, Benoit and Sadasivan, Ganesh and Valluri, Vamsi and Djernaes, Martin},
  year={2004},
  publisher={RFC 3954}
}

@article{mitzenmacher2001power,
  title={The power of two choices in randomized load balancing},
  author={Mitzenmacher, Michael},
  journal={IEEE Transactions on Parallel and Distributed Systems},
  volume={12},
  number={10},
  pages={1094--1104},
  year={2001},
  publisher={IEEE}
}

@article{azar1999balanced,
  title={Balanced allocations},
  author={Azar, Yossi and Broder, Andrei Z and Karlin, Anna R and Upfal, Eli},
  journal={SIAM journal on computing},
  volume={29},
  number={1},
  pages={180--200},
  year={1999},
  publisher={SIAM}
}

@inproceedings{qian2019flexgate,
  title={FlexGate: High-performance Heterogeneous Gateway in Data Centers},
  author={Qian, Kun and Ma, Sai and Miao, Mao and Lu, Jianyuan and Zhang, Tong and Wang, Peilong and Sun, Chenghao and Ren, Fengyuan},
  booktitle={Asia-Pacific Workshop on Networking (APNet)},
  pages={36--42},
  year={2019}
}

@inproceedings{zhao2010global,
  title={Global iceberg detection over distributed data streams},
  author={Zhao, Haiquan and others},
  booktitle={IEEE ICDE},
  pages={557--568},
  year={2010}
}

@article{stutzbach2008unbiased,
  title={On unbiased sampling for unstructured peer-to-peer networks},
  author={Stutzbach, Daniel and Rejaie, Reza and Duffield, Nick and Sen, Subhabrata and Willinger, Walter},
  journal={IEEE/ACM Transactions on Networking},
  volume={17},
  number={2},
  pages={377--390},
  year={2008},
  publisher={IEEE}
}

@inproceedings{sekar2008csamp,
  title={CSAMP: a system for network-wide flow monitoring},
  author={Sekar, Vyas and Reiter, Michael K and Willinger, Walter and Zhang, Hui and Kompella, Ramana Rao and Andersen, David G},
  booktitle={USENIX Symposium on Networked Systems Design and Implementation (NSDI)},
  pages={233--246},
  year={2008}
}

@inproceedings{kandula2009sampling,
  title={Sampling biases in network path measurements and what to do about it},
  author={Kandula, Srikanth and Mahajan, Ratul},
  booktitle={ACM Internet Measurement Conference (IMC)},
  pages={156--169},
  year={2009}
}

@inproceedings{zhu2015packet,
  title={Packet-level telemetry in large datacenter networks},
  author={Zhu, Yibo and others},
  booktitle={ACM SIGCOMM},
  pages={479--491},
  year={2015}
}

@inproceedings{chowdhury2014payless,
  title={Payless: A low cost network monitoring framework for software defined networks},
  author={Chowdhury, Shihabur Rahman and Bari, Md Faizul and Ahmed, Reaz and Boutaba, Raouf},
  booktitle={NOMS},
  pages={1--9},
  year={2014},
  organization={IEEE}
}

@inproceedings{lacurts2013choreo,
  title={Choreo: Network-aware task placement for cloud applications},
  author={LaCurts, Katrina and Deng, Shuo and Goyal, Ameesh and Balakrishnan, Hari},
  booktitle={ACM Internet Measurement Conference (IMC)},
  pages={191--204},
  year={2013}
}

@inproceedings{vanini2017let,
  title={Let it flow: Resilient asymmetric load balancing with flowlet switching},
  author={Vanini, Erico and Pan, Rong and Alizadeh, Mohammad and Taheri, Parvin and Edsall, Tom},
  booktitle={USENIX NSDI},
  pages={407--420},
  year={2017}
}

@inproceedings{alizadeh2014conga,
  title={CONGA: Distributed congestion-aware load balancing for datacenters},
  author={Alizadeh, Mohammad and Edsall, Tom and Dharmapurikar, Sarang and Vaidyanathan, Ramanan and Chu, Kevin and Fingerhut, Andy and Lam, Vinh The and Matus, Francis and Pan, Rong and Yadav, Navindra and others},
  booktitle={ACM SIGCOMM},
  pages={503--514},
  year={2014}
}

@article{zilberman2014netfpga,
  title={NetFPGA SUME: Toward 100 Gbps as research commodity},
  author={Zilberman, Noa and Audzevich, Yury and Covington, G Adam and Moore, Andrew W},
  journal={IEEE micro},
  volume={34},
  number={5},
  pages={32--41},
  year={2014},
  publisher={IEEE}
}

@inproceedings{sapio2017network,
  title={In-network computation is a dumb idea whose time has come},
  author={Sapio, Amedeo and Abdelaziz, Ibrahim and Aldilaijan, Abdulla and Canini, Marco and Kalnis, Panos},
  booktitle={ACM HotNets},
  pages={150--156},
  year={2017}
}

@inproceedings{zhang2017high,
  title={High-resolution measurement of data center microbursts},
  author={Zhang, Qiao and others},
  booktitle={ACM Internet Measurement Conference (IMC)},
  pages={78--85},
  year={2017}
}

@inproceedings{ghasemi2017dapper,
  title={Dapper: Data plane performance diagnosis of tcp},
  author={Ghasemi, Mojgan and Benson, Theophilus and Rexford, Jennifer},
  booktitle={ACM SOSR},
  pages={61--74},
  year={2017}
}

@inproceedings{yu2013software,
  title={Software Defined Traffic Measurement with OpenSketch},
  author={Yu, Minlan and Jose, Lavanya and Miao, Rui},
  booktitle={USENIX NSDI},
  pages={29--42},
  year={2013}
}

@inproceedings{kandula2009nature,
  title={The nature of data center traffic: measurements \& analysis},
  author={Kandula, Srikanth and Sengupta, Sudipta and Greenberg, Albert and Patel, Parveen and Chaiken, Ronnie},
  booktitle={ACM IMC},
  pages={202--208},
  year={2009}
}

@article{cormode2010methods,
  title={Methods for finding frequent items in data streams},
  author={Cormode, Graham and others},
  journal={The VLDB Journal},
  volume={19},
  number={1},
  pages={3--20},
  year={2010},
  publisher={Springer}
}

@inproceedings{tilmans2016mille,
  title={Mille-Feuille: Putting ISP traffic under the scalpel},
  author={Tilmans, Olivier and B{\"u}hler, Tobias and Vissicchio, Stefano and Vanbever, Laurent},
  booktitle={ACM HotNets},
  pages={113--119},
  year={2016}
}

@article{venkataramannew,
  title={New Streaming Algorithms for Fast Detection of Superspreaders},
  author={Venkataraman, Shobha and Song, Dawn and Gibbons, Phillip B and Blum, Avrim},
  booktitle={NDSS},
  year={2005}
}

@inproceedings{tootoonchian2010opentm,
  title={OpenTM: traffic matrix estimator for OpenFlow networks},
  author={Tootoonchian, Amin and Ghobadi, Monia and Ganjali, Yashar},
  booktitle={PAM},
  pages={201--210},
  year={2010},
  organization={Springer}
}

@inproceedings{roy2015inside,
  title={Inside the social network's (datacenter) network},
  author={Roy, Arjun and Zeng, Hongyi and Bagga, Jasmeet and Porter, George and Snoeren, Alex C},
  booktitle={ACM SIGCOMM},
  pages={123--137},
  year={2015}
}

@inproceedings{laffranchini2019measurements,
  title={Measurements As First-class Artifacts},
  author={Laffranchini, Paolo and Rodrigues, Luis and Canini, Marco and Krishnamurthy, Balachander},
  booktitle={IEEE INFOCOM},
  pages={415--423},
  year={2019},
  organization={IEEE}
}

@inproceedings{cormode2005space,
  title={Space efficient mining of multigraph streams},
  author={Cormode, Graham and Muthukrishnan, Shanmugavelayutham},
  booktitle={PODS},
  pages={271--282},
  year={2005}
}

@article{whang1990linear,
  title={A linear-time probabilistic counting algorithm for database applications},
  author={Whang, Kyu-Young and others},
  journal={ACM Transactions on Database Systems},
  volume={15},
  number={2},
  pages={208--229},
  year={1990},
  publisher={ACM}
}

@inproceedings{manku2002approximate,
  title={Approximate frequency counts over data streams},
  author={Manku, Gurmeet Singh and Motwani, Rajeev},
  booktitle={VLDB},
  pages={346--357},
  year={2002}
}

@inproceedings{zhangposeidon,
  title={Poseidon: Mitigating Volumetric DDoS Attacks with Programmable Switches},
  author={Zhang, Menghao and Li, Guanyu and Wang, Shicheng and Liu, Chang and Chen, Ang and Hu, Hongxin and Gu, Guofei and Li, Qi and Xu, Mingwei and Wu, Jianping},
  booktitle={NDSS},
  pages={823--835},
  year={2020}
}

@inproceedings{suh2014opensample,
  title={Opensample: A low-latency, sampling-based measurement platform for commodity sdn},
  author={Suh, Junho and others},
  booktitle={IEEE ICDCS},
  pages={228--237},
  year={2014}
}

@inproceedings{jamshed2017mos,
  title={mos: A reusable networking stack for flow monitoring middleboxes},
  author={Jamshed, Muhammad Asim and Moon, YoungGyoun and Kim, Donghwi and Han, Dongsu and Park, KyoungSoo},
  booktitle={USENIX NSDI},
  pages={113--129},
  year={2017}
}

@inproceedings{gallo2018clicknf,
  title={Clicknf: a modular stack for custom network functions},
  author={Gallo, Massimo and Laufer, Rafael},
  booktitle={USENIX ATC},
  pages={745--757},
  year={2018}
}

@article{man1996approximation,
  title={Approximation algorithms for bin packing: A survey},
  author={man Jr and others},
  journal={Approximation algorithms for NP-hard problems},
  pages={46--93},
  year={1996}
}

@inproceedings{rajagopalan2013split,
	title={Split/merge: System support for elastic execution in virtual middleboxes},
	author={Rajagopalan, Shriram and Williams, Dan and Jamjoom, Hani and Warfield, Andrew},
	booktitle={USENIX NSDI},
	pages={227--240},
	year={2013}
}

@inproceedings{kothandaraman2015dist,
  title={Centrally controlled distributed vnf state management},
  author={Kothandaraman, Babu and Du, Manxing and Sk{\"o}ldstr{\"o}m, Pontus},
  booktitle={HotMiddleboxes},
  pages={37--42},
  year={2015}
}

@inproceedings{liu2016u-haul,
  title={U-HAUL: Efficient state migration in NFV},
  author={Liu, Libin and Xu, Hong and Niu, Zhixiong and Wang, Peng and Han, Dongsu},
  booktitle={APSys},
  pages={1--8},
  year={2016}
}

@inproceedings{kablan2017stateless,
  title={Stateless network functions: Breaking the tight coupling of state and processing},
  author={Kablan, Murad and Alsudais, Azzam and Keller, Eric and Le, Franck},
  booktitle={USENIX NSDI},
  pages={97--112},
  year={2017}
}

@inproceedings{khalid2019correctness,
  title={Correctness and Performance for Stateful Chained Network Functions.},
  author={Khalid, Junaid and Akella, Aditya},
  booktitle={USENIX NSDI},
  pages={501--516},
  year={2019}
}

@inproceedings{sun2018ofm,
  title={Ofm: Optimized flow migration for nfv elasticity control},
  author={Sun, Chen and Bi, Jun and Meng, Zili and Zhang, Xiao and Hu, Hongxin},
  booktitle={IWQoS},
  pages={1--10},
  year={2018},
  organization={IEEE}
}

@inproceedings{natesh2019sluice,
  title={Sluice: Network-wide data plane programming},
  author={Natesh, Vikas and Kannan, Pravein Govindan and Sivaraman, Anirudh and Netravali, Ravi},
  booktitle={ACM SIGCOMM, Posters and Demos},
  pages={156--158},
  year={2019}
}

@inproceedings{notzli2018p4pktgen,
  title={P4pktgen: Automated test case generation for p4 programs},
  author={N{\"o}tzli, Andres and others},
  booktitle={ACM SOSR},
  pages={5},
  year={2018}
}

@inproceedings{metwally2005efficient,
  title={Efficient computation of frequent and top-k elements in data streams},
  author={Metwally, Ahmed and others},
  booktitle={ICDT},
  pages={398--412},
  year={2005},
  organization={Springer}
}

@inproceedings{ben2018efficient,
  title={Efficient Measurement on Programmable Switches Using Probabilistic Recirculation},
  author={Ben-Basat, Ran and others},
  booktitle={IEEE ICNP},
  pages={313--323},
  year={2018}
}

@article{zhang2018forwarding,
  title={Forwarding Rule Multiplexing for Scalable SDN-Based Internet of Things},
  author={Zhang, Xiaoning and Yu, Shui and Zhang, Ji and Xu, Zhichao},
  journal={IEEE Internet of Things Journal},
  volume={6},
  number={2},
  pages={3373--3385},
  year={2018},
  publisher={IEEE}
}

@inproceedings{corin2012vertigo,
  title={VeRTIGO: Network Virtualization and Beyond.},
  author={Corin, Roberto Doriguzzi and Gerola, Matteo and Riggio, Roberto and De Pellegrini, Francesco and Salvadori, Elio},
  booktitle={EWSDN},
  pages={24--29},
  year={2012}
}

@inproceedings{he2018zero,
  title={A Zero Flow Entry Expiration Timeout P4 Switch},
  author={He, Cheng-Hung and Chang, Brian Y and Chakraborty, Suchandra and Chen, Chien and Wang, Li Chun},
  booktitle={ACM SOSR},
  pages={19},
  year={2018}
}

@inproceedings{kannan2014flowmaster,
  title={Flowmaster: Early eviction of dead flow on sdn switches},
  author={Kannan, Kalapriya and Banerjee, Subhasis},
  booktitle={ICDCN},
  pages={484--498},
  year={2014},
  organization={Springer}
}

@inproceedings{zhu2015intelligent,
  title={Intelligent timeout master: Dynamic timeout for sdn-based data centers},
  author={Zhu, Huikang and Fan, Hongbo and Luo, Xuan and Jin, Yaohui},
  booktitle={IFIP/IEEE International Symposium on Integrated Network Management (IM)},
  pages={734--737},
  year={2015}
}

@inproceedings{chen2018matreduce,
  title={MATReduce: Towards High-Performance P4 Pipeline by Reducing Duplicate Match Operations},
  author={Chen, Xiang and Zhang, Dong and Zhou, Haifeng},
  booktitle={GLOBECOM},
  pages={1--7},
  year={2018},
  organization={IEEE}
}

@article{reich2013modular,
  title={Modular sdn programming with pyretic},
  author={Reich, Joshua and Monsanto, Christopher and Foster, Nate and Rexford, Jennifer and Walker, David},
  journal={Technical Report of USENIX},
  year={2013}
}

@inproceedings{kim2018generic,
  title={Generic external memory for switch data planes},
  author={Kim, Daehyeok and Zhu, Yibo and Kim, Changhoon and Lee, Jeongkeun and Seshan, Srinivasan},
  booktitle={ACM HotNets},
  year={2018}
}

@inproceedings{zheng2018p4visor,
  title={P4visor: Lightweight virtualization and composition primitives for building and testing modular programs},
  author={Zheng, Peng and Benson, Theophilus and Hu, Chengchen},
  booktitle={ACM CoNEXT},
  pages={98--111},
  year={2018}
}

@inproceedings{hu2015explicit,
  title={Explicit path control in commodity data centers: Design and applications},
  author={Hu, Shuihai and Chen, Kai and Wu, Haitao and Bai, Wei and Lan, Chang and Wang, Hao and Zhao, Hongze and Guo, Chuanxiong},
  booktitle={USENIX NSDI},
  pages={15--28},
  year={2015}
}

@article{rifai2017minnie,
  title={Minnie: An SDN world with few compressed forwarding rules},
  author={Rifai, Myriana and Huin, Nicolas and Caillouet, Christelle and Giroire, Fr{\'e}d{\'e}ric and Moulierac, Joanna and Pacheco, Dino Lopez and Urvoy-Keller, Guillaume},
  journal={Computer Networks},
  volume={121},
  pages={185--207},
  year={2017},
  publisher={Elsevier}
}

@inproceedings{stephens2013plinko,
  title={Plinko: Building provably resilient forwarding tables},
  author={Stephens, Brent and Cox, Alan L and Rixner, Scott},
  booktitle={Proceedings of the Twelfth ACM Workshop on Hot Topics in Networks},
  pages={26},
  year={2013},
  organization={ACM}
}

@inproceedings{stephens2016scalable,
  title={Scalable multi-failure fast failover via forwarding table compression},
  author={Stephens, Brent and Cox, Alan L and Rixner, Scott},
  booktitle={ACM SOSR},
  pages={9},
  year={2016}
}

@inproceedings{kang2013optimizing,
  title={Optimizing the one big switch abstraction in software-defined networks},
  author={Kang, Nanxi and Liu, Zhenming and Rexford, Jennifer and Walker, David},
  booktitle={ACM CoNEXT},
  pages={13--24},
  year={2013}
}

@article{singh2015jupiter,
  title={Jupiter rising: A decade of clos topologies and centralized control in google's datacenter network},
  author={Singh, Arjun and Ong, Joon and Agarwal, Amit and Anderson, Glen and Armistead, Ashby and Bannon, Roy and Boving, Seb and Desai, Gaurav and Felderman, Bob and Germano, Paulie and others},
  journal={ACM SIGCOMM computer communication review},
  volume={45},
  number={4},
  pages={183--197},
  year={2015},
  publisher={ACM}
}

@inproceedings{niranjan2009portland,
  title={Portland: a scalable fault-tolerant layer 2 data center network fabric},
  author={Niranjan Mysore, Radhika and Pamboris, Andreas and Farrington, Nathan and Huang, Nelson and Miri, Pardis and Radhakrishnan, Sivasankar and Subramanya, Vikram and Vahdat, Amin},
  booktitle={ACM SIGCOMM Computer Communication Review},
  volume={39},
  number={4},
  pages={39--50},
  year={2009},
  organization={ACM}
}

@inproceedings{greenberg2009vl2,
  title={VL2: a scalable and flexible data center network},
  author={Greenberg, Albert and Hamilton, James R and Jain, Navendu and Kandula, Srikanth and Kim, Changhoon and Lahiri, Parantap and Maltz, David A and Patel, Parveen and Sengupta, Sudipta},
  booktitle={ACM SIGCOMM computer communication review},
  volume={39},
  number={4},
  pages={51--62},
  year={2009},
  organization={ACM}
}

@article{candes2008introduction,
  title={An introduction to compressive sampling [a sensing/sampling paradigm that goes against the common knowledge in data acquisition]},
  author={Cand{\`e}s, Emmanuel J and Wakin, Michael B},
  journal={Signal Processing Magazine},
  volume={25},
  number={2},
  pages={21--30},
  year={2008},
  publisher={IEEE}
}

@article{xu2017mitigating,
  title={Mitigating the table-overflow attack in software-defined networking},
  author={Xu, Tong and Gao, Deyun and Dong, Ping and Foh, Chuan Heng and Zhang, Hongke},
  journal={IEEE Transactions on Network and Service Management},
  volume={14},
  number={4},
  pages={1086--1097},
  year={2017},
  publisher={IEEE}
}

@article{rottenstreich2017optimal,
  title={Optimal rule caching and lossy compression for longest prefix matching},
  author={Rottenstreich, Ori and Tapolcai, J{\'a}nos},
  journal={IEEE/ACM Transactions on Networking (TON)},
  volume={25},
  number={2},
  pages={864--878},
  year={2017},
  publisher={IEEE Press}
}

@article{guo2017star,
  title={STAR: Preventing flow-table overflow in software-defined networks},
  author={Guo, Zehua and Liu, Ruoyan and Xu, Yang and Gushchin, Andrey and Walid, Anwar and Chao, H Jonathan},
  journal={Computer Networks},
  volume={125},
  pages={15--25},
  year={2017},
  publisher={Elsevier}
}

@inproceedings{katta2016cacheflow,
  title={Cacheflow: Dependency-aware rule-caching for software-defined networks},
  author={Katta, Naga and Alipourfard, Omid and Rexford, Jennifer and Walker, David},
  booktitle={ACM SOSR},
  pages={6},
  year={2016}
}

@article{akyildiz2016research,
  title={Research challenges for traffic engineering in software defined networks},
  author={Akyildiz, Ian F and Lee, Ahyoung and Wang, Pu and Luo, Min and Chou, Wu},
  journal={Network},
  volume={30},
  number={3},
  pages={52--58},
  year={2016},
  publisher={IEEE}
}

@inproceedings{benson2011microte,
  title={MicroTE: Fine grained traffic engineering for data centers},
  author={Benson, Theophilus and Anand, Ashok and Akella, Aditya and Zhang, Ming},
  booktitle={ACM CoNEXT},
  pages={8},
  year={2011}
}

@inproceedings{gupta2018sonata,
  title={Sonata: Query-driven streaming network telemetry},
  author={Gupta, Arpit and Harrison, Rob and Canini, Marco and Feamster, Nick and Rexford, Jennifer and Willinger, Walter},
  booktitle={ACM SIGCOMM},
  pages={357--371},
  year={2018}
}

@inproceedings{li2011scalability,
  title={On the scalability of router forwarding tables: Nexthop-selectable FIB aggregation},
  author={Li, Qing and Wang, Dan and Xu, Mingwei and Yang, Jiahai},
  booktitle={IEEE INFOCOM},
  pages={321--325},
  year={2011},
  organization={IEEE}
}

@inproceedings{zhao2010aggregatability,
  title={On the aggregatability of router forwarding tables},
  author={Zhao, Xin and Liu, Yaoqing and Wang, Lan and Zhang, Beichuan},
  booktitle={IEEE INFOCOM},
  pages={1--9},
  year={2010},
  organization={IEEE}
}

@inproceedings{zhou2018cold,
  title={Cold filter: A meta-framework for faster and more accurate stream processing},
  author={Zhou, Yang and Yang, Tong and Jiang, Jie and Cui, Bin and Yu, Minlan and Li, Xiaoming and Uhlig, Steve},
  booktitle={SIGMOD},
  pages={741--756},
  year={2018},
  organization={ACM}
}

@inproceedings{li2019deter,
  title={DETER: Deterministic TCP Replay for Performance Diagnosis},
  author={Li, Yuliang and Miao, Rui and Alizadeh, Mohammad and Yu, Minlan},
  booktitle={USENIX NSDI},
  pages={437--452},
  year={2019}
}

@inproceedings{moshref2015scream,
  title={Scream: Sketch resource allocation for software-defined measurement},
  author={Moshref, Masoud and Yu, Minlan and Govindan, Ramesh and Vahdat, Amin},
  booktitle={ACM CoNEXT},
  pages={14},
  year={2015}
}

@inproceedings{liu2016mozart,
  title={MOZART: Temporal coordination of measurement},
  author={Liu, Xuemei and Shirazipour, Meral and Yu, Minlan and Zhang, Ying},
  booktitle={ACM SOSR},
  pages={13},
  year={2016}
}

@inproceedings{li2016lossradar,
  title={Lossradar: Fast detection of lost packets in data center networks},
  author={Li, Yuliang and Miao, Rui and Kim, Changhoon and Yu, Minlan},
  booktitle={ACM CoNEXT},
  pages={481--495},
  year={2016}
}

@inproceedings{ren2018scalable,
  title={On Scalable Service Function Chaining with O(1) Flowtable Entries},
  author={Ren, Yi and Huang, Tzu-Ming and Lin, Kate Ching-Ju and Tseng, Yu-Chee},
  booktitle={IEEE INFOCOM},
  pages={702--710},
  year={2018},
  organization={IEEE}
}

@inproceedings{morrison2018enforcing,
  title={Enforcing Context-Aware {BYOD} Policies with In-Network Security},
  author={Morrison, Adam and Xue, Lei and Chen, Ang and Luo, Xiapu},
  booktitle={HotCloud},
  year={2018},
  organization={USENIX}
}

@inproceedings{wu2019accelerated,
  title={Accelerated Service Chaining on a Single Switch ASIC},
  author={Wu, Dingming and Chen, Ang and Ng, TS Eugene and Wang, Guohui and Wang, Haiyong},
  booktitle={ACM HotNets},
  year={2019}
}

@article{zhangp4sc,
  title={P4SC: A High Performance and Flexible Framework for Service Function Chain},
  author={Zhang, Dong and Chen, Xiang and Huang, Qun and Hong, Xiaoyan and Wu, Chunming and Zhou, Haifeng and Yang, Yi and Liu, Hongyan and Chen, Yuxin},
  journal={IEEE Access},
  volume={7},
  pages={160982--160997},
  year={2019},
  publisher={IEEE}
}

@article{huang2015hybrid,
  title={A hybrid local and distributed sketching design for accurate and scalable heavy key detection in network data streams},
  author={Huang, Qun and Lee, Patrick PC},
  journal={Computer Networks},
  volume={91},
  pages={298--315},
  year={2015},
  publisher={Elsevier}
}

@article{yang2019adaptive,
  title={Adaptive Measurements Using One Elastic Sketch},
  author={Yang, Tong and Jiang, Jie and Liu, Peng and Huang, Qun and Gong, Junzhi and Zhou, Yang and Miao, Rui and Li, Xiaoming and Uhlig, Steve},
  journal={IEEE/ACM Transactions on Networking},
  year={2019},
  publisher={IEEE}
}

@inproceedings{tang2019mv,
  title={MV-Sketch: A Fast and Compact Invertible Sketch for Heavy Flow Detection in Network Data Streams},
  author={Tang, Lu and others},
  booktitle={IEEE INFOCOM},
  pages={2026--2034},
  year={2019}
}

@inproceedings{liu2019e3,
  title={E3: Energy-Efficient Microservices on SmartNIC-Accelerated Servers},
  author={Liu, Ming and Peter, Simon and Krishnamurthy, Arvind and Phothilimthana, Phitchaya Mangpo},
  booktitle={USENIX ATC},
  pages={363--378},
  year={2019}
}

@inproceedings{martini2015latency,
  title={Latency-aware composition of virtual functions in 5G},
  author={Martini, Barbara and Paganelli, Federica and Cappanera, Paola and Turchi, Stefano and Castoldi, Piero},
  booktitle={NetSoft},
  pages={1--6},
  year={2015},
  organization={IEEE}
}

@inproceedings{kapoor2012chronos,
  title={Chronos: Predictable low latency for data center applications},
  author={Kapoor, Rishi and Porter, George and Tewari, Malveeka and Voelker, Geoffrey M and Vahdat, Amin},
  booktitle={SOCC},
  pages={9},
  year={2012},
  organization={ACM}
}

@inproceedings{geng2018exploiting,
  title={Exploiting a natural network effect for scalable, fine-grained clock synchronization},
  author={Geng, Yilong and Liu, Shiyu and Yin, Zi and Naik, Ashish and Prabhakar, Balaji and Rosenblum, Mendel and Vahdat, Amin},
  booktitle={USENIX NSDI},
  pages={81--94},
  year={2018}
}

@inproceedings{de2014beyond,
  title={Beyond pattern matching: A concurrency model for stateful deep packet inspection},
  author={De Carli, Lorenzo and Sommer, Robin and Jha, Somesh},
  booktitle={SIGSAC},
  pages={1378--1390},
  year={2014},
  organization={ACM}
}

@article{kohler2000click,
  title={The Click modular router},
  author={Kohler, Eddie and Morris, Robert and Chen, Benjie and Jannotti, John and Kaashoek, M Frans},
  journal={ACM Transactions on Computer Systems},
  volume={18},
  number={3},
  pages={263--297},
  year={2000},
  publisher={ACM}
}

@inproceedings{tomassilli2018provably,
  title={Provably efficient algorithms for placement of service function chains with ordering constraints},
  author={Tomassilli, Andrea and Giroire, Fr{\'e}d{\'e}ric and Huin, Nicolas and P{\'e}rennes, St{\'e}phane},
  booktitle={IEEE INFOCOM},
  pages={774--782},
  year={2018},
  organization={IEEE}
}

@article{fischer2013virtual,
  title={Virtual network embedding: A survey},
  author={Fischer, Andreas and Botero, Juan Felipe and Beck, Michael Till and De Meer, Hermann and Hesselbach, Xavier},
  journal={IEEE Communications Surveys \& Tutorials},
  volume={15},
  number={4},
  pages={1888--1906},
  year={2013},
  publisher={IEEE}
}

@inproceedings{zeng2012automatic,
  title={Automatic test packet generation},
  author={Zeng, Hongyi and Kazemian, Peyman and Varghese, George and McKeown, Nick},
  booktitle={Proceedings of the 8th international conference on Emerging networking experiments and technologies},
  pages={241--252},
  year={2012},
  organization={ACM}
}

@inproceedings{jain2013b4,
  title={B4: Experience with a globally-deployed software defined WAN},
  author={Jain, Sushant and Kumar, Alok and Mandal, Subhasree and Ong, Joon and Poutievski, Leon and Singh, Arjun and Venkata, Subbaiah and Wanderer, Jim and Zhou, Junlan and Zhu, Min and others},
  booktitle={ACM SIGCOMM Computer Communication Review},
  volume={43},
  number={4},
  pages={3--14},
  year={2013},
  organization={ACM}
}

@inproceedings{zhang2017parabox,
  title={Parabox: Exploiting parallelism for virtual network functions in service chaining},
  author={Zhang, Yang and Anwer, Bilal and Gopalakrishnan, Vijay and Han, Bo and Reich, Joshua and Shaikh, Aman and Zhang, Zhi-Li},
  booktitle={ACM SOSR},
  pages={143--149},
  year={2017}
}

@article{liu2013sfc,
  title={Service Function Chaining (SFC) General Use Cases},
  author={Liu, W. and Li, H. and Huang, O. and Boucadair, M. and Leymann, N. and Fu, Q. and Sun, Q. and Pham, C. and Huang, C. and  and Zhu, J and He, P.},
  journal={Document draft-liu-sfc-use-cases-08},
  year={2013}
}

@article{beck2017scalable,
  title={Scalable and coordinated allocation of service function chains},
  author={Beck, Michael Till and Botero, Juan Felipe},
  journal={Computer Communications},
  volume={102},
  pages={78--88},
  year={2017},
  publisher={Elsevier}
}

@inproceedings{jose2015compiling,
  title={Compiling Packet Programs to Reconfigurable Switches.},
  author={Jose, Lavanya and Yan, Lisa and others},
  booktitle={USENIX NSDI},
  pages={103--115},
  year={2015}
}

@inproceedings{jepsen2019fast,
  title={Fast String Searching on PISA},
  author={Jepsen, Theo and Alvarez, Daniel and Foster, Nate and Kim, Changhoon and Lee, Jeongkeun and Moshref, Masoud and Soul{\'e}, Robert},
  booktitle={ACM SOSR},
  pages={21--28},
  year={2019}
}

@inproceedings{turkovic2018fast,
  title={Fast network congestion detection and avoidance using P4},
  author={Turkovic, Belma and Kuipers, Fernando and van Adrichem, Niels and Langendoen, Koen},
  booktitle={NEAT},
  pages={45--51},
  year={2018},
  organization={ACM}
}

@article{sherry2012making,
  title={Making middleboxes someone else's problem: network processing as a cloud service},
  author={Sherry, Justine and Hasan, Shaddi and Scott, Colin and Krishnamurthy, Arvind and Ratnasamy, Sylvia and Sekar, Vyas},
  journal={ACM SIGCOMM Computer Communication Review},
  volume={42},
  number={4},
  pages={13--24},
  year={2012},
  publisher={ACM}
}

@inproceedings{sekar2012design,
  title={Design and implementation of a consolidated middlebox architecture},
  author={Sekar, Vyas and Egi, Norbert and Ratnasamy, Sylvia and Reiter, Michael K and Shi, Guangyu},
  booktitle={USENIX NSDI},
  pages={323--336},
  year={2012}
}

@inproceedings{bremler2014deep,
  title={Deep packet inspection as a service},
  author={Bremler-Barr, Anat and Harchol, Yotam and Hay, David and Koral, Yaron},
  booktitle={ACM CoNEXT},
  pages={271--282},
  year={2014}
}

@inproceedings{fayazbakhsh2014enforcing,
  title={Enforcing Network-Wide Policies in the Presence of Dynamic Middlebox Actions using FlowTags.},
  author={Fayazbakhsh, Seyed Kaveh and Chiang, Luis and Sekar, Vyas and Yu, Minlan and Mogul, Jeffrey C},
  booktitle={USENIX NSDI},
  volume={14},
  pages={543--546},
  year={2014}
}

@article{li2018virtual,
  title={Virtual network function placement considering resource optimization and SFC requests in cloud datacenter},
  author={Li, Defang and Hong, Peilin and Xue, Kaiping and others},
  journal={IEEE Transactions on Parallel and Distributed Systems},
  volume={29},
  number={7},
  pages={1664--1677},
  year={2018},
  publisher={IEEE}
}

@article{mechtri2016scalable,
  title={A scalable algorithm for the placement of service function chains},
  author={Mechtri, Marouen and Ghribi, Chaima and Zeghlache, Djamal},
  journal={IEEE Transactions on Network and Service Management},
  volume={13},
  number={3},
  pages={533--546},
  year={2016},
  publisher={IEEE}
}

@article{han2015softnic,
  title={SoftNIC: A software NIC to augment hardware},
  author={Han, Sangjin and Jang, Keon and Panda, Aurojit and Palkar, Shoumik and Han, Dongsu and Ratnasamy, Sylvia},
  journal={EECS Department, University of California, Berkeley, Tech. Rep. UCB/EECS-2015-155},
  year={2015}
}

@inproceedings{radhakrishnan2014senic,
  title={SENIC: Scalable NIC for End-Host Rate Limiting},
  author={Radhakrishnan, Sivasankar and Geng, Yilong and Jeyakumar, Vimalkumar and Kabbani, Abdul and Porter, George and Vahdat, Amin},
  booktitle={USENIX NSDI},
  pages={475--488},
  year={2014}
}

@inproceedings{katsikas2018metron,
  title={Metron: NFV Service Chains at the True Speed of the Underlying Hardware},
  author={Katsikas, Georgios P and others},
  booktitle={USENIX NSDI},
  pages={171--186},
  year={2018}
}

@inproceedings{le2017uno,
  title={UNO: uniflying host and smart NIC offload for flexible packet processing},
  author={Le, Yanfang and Chang, Hyunseok and Mukherjee, Sarit and Wang, Limin and Akella, Aditya and Swift, Michael M and Lakshman, TV},
  booktitle={SOCC},
  pages={506--519},
  year={2017},
  organization={ACM}
}

@inproceedings{zhang2018theory,
  title={On the Theory of Function Placement and Chaining for Network Function Virtualization},
  author={Zhang, Jinbei and Wu, Weijie and Lui, John},
  booktitle={MobiHoc},
  pages={91--100},
  year={2018},
  organization={ACM}
}

@inproceedings{ma2017traffic,
  title={Traffic aware placement of interdependent nfv middleboxes},
  author={Ma, Wenrui and Sandoval, Oscar and Beltran, Jonathan and Pan, Deng and Pissinou, Niki},
  booktitle={IEEE INFOCOM},
  pages={1--9},
  year={2017},
  organization={IEEE}
}

@inproceedings{cohen2015near,
  title={Near optimal placement of virtual network functions},
  author={Cohen, Rami and Lewin-Eytan, Liane and Naor, Joseph Seffi and Raz, Danny},
  booktitle={IEEE INFOCOM},
  pages={1346--1354},
  year={2015},
  organization={IEEE}
}

@book{schrijver1998theory,
  title={Theory of linear and integer programming},
  author={Schrijver, Alexander},
  year={1998},
  publisher={John Wiley \& Sons}
}

@inproceedings{guerzoni2012network,
  title={Network functions virtualisation: an introduction, benefits, enablers, challenges and call for action, introductory white paper},
  author={Guerzoni, R and others},
  booktitle={Proceedings of the SDN and OpenFlow World Congress},
  volume={1},
  pages={5--7},
  year={2012}
}

@article{halpern2015service,
  title={Service function chaining (sfc) architecture},
  author={Halpern, Joel and Pignataro, Carlos},
  journal = {Document RFC 7665},
  year={2015}
}

@article{joseph2008policy,
  title={A policy-aware switching layer for data centers},
  author={Joseph, Dilip A and Tavakoli, Arsalan and Stoica, Ion},
  journal={ACM SIGCOMM Computer Communication Review},
  volume={38},
  number={4},
  pages={51--62},
  year={2008},
  organization={ACM}
}

@article{mckeown2008openflow,
  title={OpenFlow: enabling innovation in campus networks},
  author={McKeown, Nick and Anderson, Tom and Balakrishnan, Hari and Parulkar, Guru and Peterson, Larry and Rexford, Jennifer and Shenker, Scott and Turner, Jonathan},
  journal={ACM SIGCOMM Computer Communication Review},
  volume={38},
  number={2},
  pages={69--74},
  year={2008},
  publisher={ACM}
}

@inproceedings{wu2012netpilot,
  title={NetPilot: automating datacenter network failure mitigation},
  author={Wu, Xin and Turner, Daniel and Chen, Chao-Chih and Maltz, David A and Yang, Xiaowei and Yuan, Lihua and Zhang, Ming},
  booktitle={ACM SIGCOMM},
  pages={419--430},
  year={2012}
}

@inproceedings{chandrasekaran2016isolating,
  title={Isolating and tolerating SDN application failures with LegoSDN},
  author={Chandrasekaran, Balakrishnan and Tschaen, Brendan and Benson, Theophilus},
  booktitle={ACM SOSR},
  pages={7},
  year={2016}
}

@inproceedings{emmerich2015moongen,
  title={MoonGen: A scriptable high-speed packet generator},
  author={Emmerich, Paul and Gallenm{\"u}ller, Sebastian and Raumer, Daniel and Wohlfart, Florian and Carle, Georg},
  booktitle={ACM IMC},
  pages={275--287},
  year={2015}
}

@article{bianchi2014openstate,
  title={OpenState: programming platform-independent stateful openflow applications inside the switch},
  author={Bianchi, Giuseppe and Bonola, Marco and Capone, Antonio and Cascone, Carmelo},
  journal={ACM SIGCOMM Computer Communication Review},
  volume={44},
  number={2},
  pages={44--51},
  year={2014},
  publisher={ACM}
}

@inproceedings{narayana2017language,
  title={Language-directed hardware design for network performance monitoring},
  author={Narayana, Srinivas and others},
  booktitle={ACM SIGCOMM},
  pages={85--98},
  year={2017}
}

@inproceedings{medved2014opendaylight,
  title={Opendaylight: Towards a model-driven sdn controller architecture},
  author={Medved, Jan and Varga, Robert and Tkacik, Anton and Gray, Ken},
  booktitle={WoWMoM},
  pages={1--6},
  year={2014},
  organization={IEEE}
}

@inproceedings{kulkarni2018reinforce,
  title={REINFORCE: achieving efficient failure resiliency for network function virtualization based services},
  author={Kulkarni, Sameer G and Liu, Guyue and Ramakrishnan, KK and Arumaithurai, Mayutan and Wood, Timothy and Fu, Xiaoming},
  booktitle={ACM CoNEXT},
  pages={41--53},
  year={2018}
}

@techreport{enns2006netconf,
  title={NETCONF configuration protocol},
  author={Enns, Rob},
  year={2006}
}

@inproceedings{chen2017case,
  title={The case for making tight control plane latency guarantees in SDN switches},
  author={Chen, Huan and Benson, Theophilus},
  booktitle={ACM SOSR},
  pages={150--156},
  year={2017}
}

@inproceedings{he2015measuring,
  title={Measuring control plane latency in SDN-enabled switches},
  author={He, Keqiang and Khalid, Junaid and Gember-Jacobson, Aaron and Das, Sourav and Prakash, Chaithan and Akella, Aditya and Li, Li Erran and Thottan, Marina},
  booktitle={ACM SOSR},
  pages={25},
  year={2015}
}

@inproceedings{huang2013high,
  title={High-fidelity switch models for software-defined network emulation},
  author={Huang, Danny Yuxing and Yocum, Kenneth and Snoeren, Alex C},
  booktitle={HotSDN},
  pages={43--48},
  year={2013},
  organization={ACM}
}

@inproceedings{lazaris2014tango,
  title={Tango: Simplifying SDN control with automatic switch property inference, abstraction, and optimization},
  author={Lazaris, Aggelos and Tahara, Daniel and Huang, Xin and Li, Erran and Voellmy, Andreas and Yang, Y Richard and Yu, Minlan},
  booktitle={ACM CoNEXT},
  pages={199--212},
  year={2014}
}

@article{moshref2015dream,
  title={DREAM: dynamic resource allocation for software-defined measurement},
  author={Moshref, Masoud and Yu, Minlan and Govindan, Ramesh and Vahdat, Amin},
  journal={ACM SIGCOMM Computer Communication Review},
  volume={44},
  number={4},
  pages={419--430},
  year={2015},
  publisher={ACM}
}

@inproceedings{he2018p4nfv,
  title={P4NFV: An NFV Architecture with Flexible Data Plane Reconfiguration},
  author={He, Mu and Basta, Arsany and Blenk, Andreas and Deric, Nemanja and Kellerer, Wolfgang},
  booktitle={CNSM},
  pages={90--98},
  year={2018},
  organization={IEEE}
}

@article{kim2013improving,
  title={Improving network management with software defined networking},
  author={Kim, Hyojoon and Feamster, Nick},
  journal={IEEE Communications Magazine},
  volume={51},
  number={2},
  pages={114--119},
  year={2013},
  publisher={IEEE}
}

@inproceedings{huang2017sketchvisor,
  title={SketchVisor: Robust network measurement for software packet processing},
  author={Huang, Qun and others},
  booktitle={ACM SIGCOMM},
  pages={113--126},
  year={2017}
}

@inproceedings{huang2018sketchlearn,
  title={SketchLearn: relieving user burdens in approximate measurement with automated statistical inference},
  author={Huang, Qun and Lee, Patrick PC and Bao, Yungang},
  booktitle={ACM SIGCOMM},
  pages={576--590},
  year={2018}
}

@inproceedings{yang2018elastic,
  title={Elastic sketch: Adaptive and fast network-wide measurements},
  author={Yang, Tong and others},
  booktitle={ACM SIGCOMM},
  pages={561--575},
  year={2018}
}

@article{charikar2004finding,
  title={Finding frequent items in data streams},
  author={Charikar, Moses and others},
  journal={Theoretical Computer Science},
  volume={312},
  number={1},
  pages={3--15},
  year={2004},
  publisher={Citeseer}
}

@article{cormode2005improved,
  title={An improved data stream summary: the count-min sketch and its applications},
  author={Cormode, Graham and Muthukrishnan, Shan},
  journal={Journal of Algorithms},
  volume={55},
  number={1},
  pages={58--75},
  year={2005},
  publisher={Elsevier}
}

@inproceedings{liu2016one,
  title={One sketch to rule them all: Rethinking network flow monitoring with univmon},
  author={Liu, Zaoxing and others},
  booktitle={ACM SIGCOMM},
  pages={101--114},
  year={2016}
}

@inproceedings{tavakoli2009applying,
  title={Applying NOX to the Datacenter.},
  author={Tavakoli, Arsalan and Casado, Martin and Koponen, Teemu and Shenker, Scott},
  booktitle={ACM HotNets},
  year={2009}
}

@inproceedings{chen2019p4sc,
  title={P4SC: Towards High-Performance Service Function Chain Implementation on the P4-Capable Device},
  author={Chen, Xiang and Zhang, Dong and Wang, Xiaojun and Zhu, Kai and Zhou, Haifeng},
  booktitle={IFIP/IEEE International Symposium on Integrated Network Management (IM)},
  pages={1--9},
  year={2019}
}

@inproceedings{sun2016nesma,
  title={NeSMA: Enabling network-level state-aware applications in SDN},
  author={Sun, Chen and Bi, Jun and Hu, Hongxin and Zheng, Zhilong},
  booktitle={IEEE ICNP Workshop},
  pages={1--7},
  year={2016},
  organization={IEEE}
}

@ARTICLE{xu2019dynamic, 
  author={Y. {Xu} and M. {Cello} and I. {Wang} and A. {Walid} and G. {Wilfong} and C. H. -. {Wen} and M. {Marchese} and H. J. {Chao}}, 
  journal={IEEE Journal on Selected Areas in Communications}, 
  title={Dynamic Switch Migration in Distributed Software-Defined Networks to Achieve Controller Load Balance}, 
  year={2019}, 
  volume={37}, 
  number={3}, 
  pages={515-529}, 
  publisher={IEEE}
}

@article{bosshart2014p4,
  title={P4: Programming protocol-independent packet processors},
  author = {Bosshart, Pat and Daly, Dan and Gibb, Glen and others},
  journal={ACM SIGCOMM Computer Communication Review},
  volume={44},
  number={3},
  pages={87--95},
  year={2014},
  publisher={ACM}
}

@inproceedings{mogul2012hey,
  title={Hey, you darned counters!: get off my ASIC!},
  author={Mogul, Jeffrey C and Congdon, Paul},
  booktitle={ACM HotNets},
  pages={25--30},
  year={2012}
}

@article{chen2018programmable,
  title={Programmable Switch as a Parallel Computing Device},
  author={Chen, Li and Chen, Ge and Lingys, Justinas and Chen, Kai},
  journal={arXiv preprint arXiv:1803.01491},
  year={2018}
}

@inproceedings{li2016flowradar,
  title={FlowRadar: a better NetFlow for data centers},
  author={Li, Yuliang and Miao, Rui and Kim, Changhoon and Yu, Minlan},
  booktitle={USENIX NSDI},
  pages={311--324},
  year={2016}
}

@inproceedings{jepsen2018life,
  title={Life in the fast lane: A line-rate linear road},
  author={Jepsen, Theo and Moshref, Masoud and Carzaniga, Antonio and Foster, Nate and Soul{\'e}, Robert},
  booktitle={ACM SOSR},
  pages={10},
  year={2018}
}

@inproceedings{sun2017nfp,
  title={NFP: Enabling Network Function Parallelism in NFV},
  author={Sun, Chen and others},
  booktitle={ACM SIGCOMM},
  pages={43--56},
  year={2017}
}

@inproceedings{gill2011understanding,
 author = {Gill, Phillipa and Jain, Navendu and Nagappan, Nachiappan},
 title = {Understanding Network Failures in Data Centers: Measurement, Analysis, and Implications},
 booktitle = {ACM SIGCOMM},
 year = {2011},
 pages = {350--361}
}

@inproceedings{jin2018netchain,
  title={NetChain: Scale-free sub-rtt coordination},
  author={Jin, Xin and Li, Xiaozhou and Zhang, Haoyu and Foster, Nate and others},
  booktitle={USENIX NSDI},
  pages={35--49},
  year={2018}
}

@inproceedings{walraed2013aspen,
 author = {Walraed-Sullivan, Meg and Vahdat, Amin and Marzullo, Keith},
 title = {Aspen Trees: Balancing Data Center Fault Tolerance, Scalability and Cost},
 booktitle = {ACM CoNEXT},
 year = {2013},
 pages = {85--96}
} 

@inproceedings{li2016clicknp,
  title={ClickNP: Highly flexible and high performance network processing with reconfigurable hardware},
  author={Li, Bojie and others},
  booktitle={ACM SIGCOMM},
  pages={1--14},
  year={2016}
}

@inproceedings{handigol2014know,
  title={I know what your packet did last hop: Using packet histories to troubleshoot networks},
  author={Handigol, Nikhil and Heller, Brandon and Jeyakumar, Vimalkumar and Mazi{\`e}res, David and McKeown, Nick},
  booktitle={USENIX NSDI},
  pages={71--85},
  year={2014}
}

@inproceedings{canini2009per,
  title={Per flow packet sampling for high-speed network monitoring},
  author={Canini, Marco and Fay, Damien and Miller, David J and Moore, Andrew W and Bolla, Raffaele},
  booktitle={International Conference on COMmunication Systems \& NETworkS (COMSNETS)},
  pages={1--10},
  year={2009}
}

@inproceedings{sekar2010revisiting,
  title={Revisiting the case for a minimalist approach for network flow monitoring},
  author={Sekar, Vyas and Reiter, Michael K and Zhang, Hui},
  booktitle={ACM SIGCOMM},
  pages={328--341},
  year={2010}
}

@inproceedings{rasley2014planck,
  title={Planck: millisecond-scale monitoring and control for commodity networks},
  author={Rasley, Jeff and others},
  booktitle={ACM SIGCOMM},
  pages={407--418},
  year={2014}
}

@inproceedings{curtis2011devoflow,
  title={DevoFlow: Scaling flow management for high-performance networks},
  author={Curtis, Andrew R and Mogul, Jeffrey C and Tourrilhes, Jean and Yalagandula, Praveen and Sharma, Puneet and Banerjee, Sujata},
  booktitle={ACM SIGCOMM Computer Communication Review},
  volume={41},
  number={4},
  pages={254--265},
  year={2011},
  organization={ACM}
}

@article{sun2015network,
  title={A network-state management service},
  author={Sun, Peng and Mahajan, Ratul and Rexford, Jennifer and Yuan, Lihua and Zhang, Ming and Arefin, Ahsan},
  journal={ACM SIGCOMM Computer Communication Review},
  volume={44},
  number={4},
  pages={563--574},
  year={2015},
  publisher={ACM}
}

@article{sun2017sdpa,
  title={SDPA: Toward a Stateful Data Plane in Software-Defined Networking},
  author={Sun, Chen and Bi, Jun and Chen, Haoxian and Hu, Hongxin and Zheng, Zhilong and Zhu, Shuyong and Wu, Chenghui},
  journal={IEEE/ACM Transactions on Networking},
  volume={25},
  number={6},
  pages={3294--3308},
  year={2017},
  publisher={IEEE Press}
}

@article{tofinoWhitePaper,
  title         = "Barefoot: {The} {World's} {Fastest} and {Most} {Programmable} {Networks}",
  url           = "https://barefootnetworks.com/media/white\_papers/Barefoot-Worlds-Fastest-Most-Programmable-Networks.pdf",
}

@inproceedings{sonchack2018scaling,
  title={Scaling hardware accelerated network monitoring to concurrent and dynamic queries with *flow},
  author={Sonchack, John and others},
  booktitle={USENIX ATC},
  pages={823--835},
  year={2018}
}

@article{surendra2016service,
  title={Service function chaining use cases in data centers},
  author={Surendra, M Tufail and Majee, S and Captari, C and Homma, S},
  journal={Working Draft, Internet Engineering Task Force Secretariat, Internet-Draft draft-ietf-sfcdc-use-cases-04, January},
  year={2016}
}

@article{li88service,
  title={Service Function Chaining Use Cases},
  author={Li, Hongyu},
  journal={Working Draft, Internet Engineering Task Force Secretariat, Internet-Draft draft-liu-sfc-use-cases-03, February},
  year={2014}
}

@article{napper2016service,
  title={Service Function Chaining Use Cases in Mobile Networks},
  author={Napper, J and Haeffner, W and Stiemerling, M and Lopez, DR and Uttaro, J},
  journal={Document draft-ietf-sfc-usecase-mobility-06},
  year={2016}
}

@article{gandhi2015duet,
  title={Duet: Cloud scale load balancing with hardware and software},
  author={Gandhi, Rohan and Liu, Hongqiang Harry and Hu, Y Charlie and Lu, Guohan and Padhye, Jitendra and Yuan, Lihua and Zhang, Ming},
  journal={ACM SIGCOMM Computer Communication Review},
  volume={44},
  number={4},
  pages={27--38},
  year={2015},
  publisher={ACM}
}

@article{patel2013ananta,
  title={Ananta: Cloud scale load balancing},
  author={Patel, Parveen and Bansal, Deepak and Yuan, Lihua and Murthy, Ashwin and Greenberg, Albert and Maltz, David A and Kern, Randy and Kumar, Hemant and Zikos, Marios and Wu, Hongyu and others},
  journal={ACM SIGCOMM Computer Communication Review},
  volume={43},
  number={4},
  pages={207--218},
  year={2013},
  publisher={ACM}
}

@inproceedings{zheng2018grus,
  title={Grus: Enabling Latency SLOs for GPU-Accelerated NFV Systems},
  author={Zheng, Zhilong and Bi, Jun and Wang, Haiping and Sun, Chen and Yu, Heng and Hu, Hongxin and Gao, Kai and Wu, Jianping},
  booktitle={IEEE ICNP},
  pages={154--164},
  year={2018},
  organization={IEEE}
}

@inproceedings{martins2014clickos,
  title={ClickOS and the art of network function virtualization},
  author={Martins, Joao and others},
  booktitle={USENIX NSDI},
  pages={459--473},
  year={2014}
}

@inproceedings{katta2017clove,
  title={Clove: Congestion-aware load balancing at the virtual edge},
  author={Katta, Naga and Ghag, Aditi and Hira, Mukesh and Keslassy, Isaac and Bergman, Aran and Kim, Changhoon and Rexford, Jennifer},
  booktitle={ACM CoNEXT},
  pages={323--335},
  year={2017}
}

@inproceedings{yaseen2018synchronized,
  title={Synchronized network snapshots},
  author={Yaseen, Nofel and Sonchack, John and Liu, Vincent},
  booktitle={ACM SIGCOMM},
  pages={402--416},
  year={2018}
}

@inproceedings{zhang2013adaptive,
  title={An adaptive flow counting method for anomaly detection in SDN},
  author={Zhang, Ying},
  booktitle={ACM CoNEXT},
  pages={25--30},
  year={2013}
}

@inproceedings{bosshart2013forwarding,
  title={Forwarding metamorphosis: fast programmable match-action processing in hardware for SDN},
  author={Bosshart, Pat and others},
  booktitle={ACM SIGCOMM},
  pages={99--110},
  year={2013}
}

@article{hwang2015netvm,
  title={NetVM: high performance and flexible networking using virtualization on commodity platforms},
  author={Hwang, Jinho and others},
  journal={IEEE Transactions on Network and Service Management},
  volume={12},
  number={1},
  pages={34--47},
  year={2015},
  publisher={IEEE}
}

@inproceedings{panda2016netbricks,
  title={NetBricks: Taking the V out of NFV},
  author={Panda, Aurojit and others},
  booktitle={USENIX OSDI},
  pages={203--216},
  year={2016}
}

@inproceedings{jin2017netcache,
  title={NetCache: Balancing key-value stores with fast in-network caching},
  author={Jin, Xin and Li, Xiaozhou and Zhang, Haoyu and others},
  booktitle={ACM SOSP},
  pages={121--136},
  year={2017}
}

@inproceedings{borders2012chimera,
  title={Chimera: A declarative language for streaming network traffic analysis},
  author={Borders, Kevin and Springer, Jonathan and Burnside, Matthew},
  booktitle={Security},
  pages={365--379},
  year={2012},
  organization={USENIX}
}

@inproceedings{arashloo2016snap,
  title={SNAP: Stateful network-wide abstractions for packet processing},
  author={Arashloo, Mina Tahmasbi and Koral, Yaron and Greenberg, Michael and Rexford, Jennifer and Walker, David},
  booktitle={ACM SIGCOMM},
  pages={29--43},
  year={2016}
}

@inproceedings{moshref2014flow,
  title={Flow-level state transition as a new switch primitive for SDN},
  author={Moshref, Masoud and Bhargava, Apoorv and Gupta, Adhip and Yu, Minlan and Govindan, Ramesh},
  booktitle={HotSDN},
  pages={61--66},
  year={2014},
  organization={ACM}
}

@inproceedings{gray1994quickly,
  title={Quickly generating billion-record synthetic databases},
  author={Gray, Jim and Sundaresan, Prakash and Englert, Susanne and Baclawski, Ken and Weinberger, Peter J},
  booktitle={SIGMOD},
  volume={23},
  number={2},
  pages={243--252},
  year={1994},
  organization={ACM}
}

@inproceedings{govindan2016evolve,
  title={Evolve or die: High-availability design principles drawn from googles network infrastructure},
  author={Govindan, Ramesh and Minei, Ina and Kallahalla, Mahesh and Koley, Bikash and Vahdat, Amin},
  booktitle={ACM SIGCOMM},
  pages={58--72},
  year={2016}
}

@inproceedings{Split/Merge,
 author = {Rajagopalan, Shriram and Williams, Dan and Jamjoom, Hani and Warfield, Andrew},
 title = {Split/Merge: System Support for Elastic Execution in Virtual Middleboxes},
 booktitle = {USENIX NSDI},
 year = {2013},
 pages = {227--240},
 numpages = {14}
}

@inproceedings{gember2014opennf,
  title={OpenNF: Enabling innovation in network function control},
  author={Gember-Jacobson, Aaron and Viswanathan, Raajay and Prakash, Chaithan and Grandl, Robert and Khalid, Junaid and Das, Sourav and Akella, Aditya},
  booktitle={ACM SIGCOMM Computer Communication Review},
  volume={44},
  number={4},
  pages={163--174},
  year={2014},
  organization={ACM}
}

@inproceedings{sherry2015rollback,
  title={Rollback-recovery for middleboxes},
  author={Sherry, Justine and Gao, Peter Xiang and Basu, Soumya and Panda, Aurojit and Krishnamurthy, Arvind and Maciocco, Christian and Manesh, Maziar and Martins, Jo{\~a}o and Ratnasamy, Sylvia and Rizzo, Luigi and others},
  booktitle={ACM SIGCOMM Computer Communication Review},
  volume={45},
  number={4},
  pages={227--240},
  year={2015},
  organization={ACM}
}

@inproceedings{bremler2016openbox,
  title={OpenBox: a software-defined framework for developing, deploying, and managing network functions},
  author={Bremler-Barr, Anat and Harchol, Yotam and Hay, David},
  booktitle={ACM SIGCOMM},
  pages={511--524},
  year={2016}
}

@inproceedings{gember2015improving,
  title={Improving the safety, scalability, and efficiency of network function state transfers},
  author={Gember-Jacobson, Aaron and Akella, Aditya},
  booktitle={HotMiddlebox},
  pages={43--48},
  year={2015},
  organization={ACM}
}

@inproceedings{kuzniar2015you,
  title={What you need to know about SDN flow tables},
  author={Ku{\'z}niar, Maciej and Pere{\v{s}}{\'\i}ni, Peter and Kosti{\'c}, Dejan},
  booktitle={PAM},
  pages={347--359},
  year={2015},
  organization={Springer}
}

@inproceedings{palkar2015e2,
  title={E2: a framework for NFV applications},
  author={Palkar, Shoumik and others},
  booktitle={ACM SOSP},
  pages={121--136},
  year={2015}
}

@article{gude2008nox,
  title={NOX: towards an operating system for networks},
  author={Gude, Natasha and Koponen, Teemu and Pettit, Justin and Pfaff, Ben and Casado, Mart{\'\i}n and McKeown, Nick and Shenker, Scott},
  journal={ACM SIGCOMM Computer Communication Review},
  volume={38},
  number={3},
  pages={105--110},
  year={2008},
  publisher={ACM}
}

@inproceedings{sherwood2010can,
  title={Can the production network be the testbed?},
  author={Sherwood, Rob and Gibb, Glen and Yap, Kok-Kiong and Appenzeller, Guido and Casado, Martin and McKeown, Nick and Parulkar, Guru M},
  booktitle={OSDI},
  volume={10},
  pages={1--6},
  year={2010}
}

@inproceedings{berde2014onos,
  title={ONOS: towards an open, distributed SDN OS},
  author={Berde, Pankaj and Gerola, Matteo and Hart, Jonathan and Higuchi, Yuta and Kobayashi, Masayoshi and Koide, Toshio and Lantz, Bob and O'Connor, Brian and Radoslavov, Pavlin and Snow, William and others},
  booktitle={HotSDN},
  pages={1--6},
  year={2014},
  organization={ACM}
}

@inproceedings{guo2015pingmesh,
  title={Pingmesh: A large-scale system for data center network latency measurement and analysis},
  author={Guo, Chuanxiong and Yuan, Lihua and Xiang, Dong and Dang, Yingnong and Huang, Ray and Maltz, Dave and Liu, Zhaoyi and Wang, Vin and Pang, Bin and Chen, Hua and others},
  booktitle={ACM SIGCOMM},
  volume={45},
  number={4},
  pages={139--152},
  year={2015}
}

@inproceedings{luo2017swing,
  title={Swing State: Consistent Updates for Stateful and Programmable Data Planes},
  author={Luo, Shouxi and Yu, Hongfang and Vanbever, Laurent},
  booktitle={ACM SOSR},
  pages={115--121},
  year={2017}
}

@article{sun2018enabling,
  title={Enabling NFV Elasticity Control With Optimized Flow Migration},
  author={Sun, Chen and Bi, Jun and Meng, Zili and Yang, Tong and Zhang, Xiao and Hu, Hongxin},
  journal={IEEE Journal on Selected Areas in Communications},
  volume={36},
  number={10},
  pages={2288--2303},
  year={2018},
  publisher={IEEE}
}

@inproceedings{wang2016transparent,
  title={Transparent flow migration for nfv},
  author={Wang, Yang and Xie, Gaogang and Li, Zhenyu and He, Peng and Salamatian, Kav{\'e}},
  booktitle={IEEE ICNP},
  pages={1--10},
  year={2016},
  organization={IEEE}
}

@inproceedings{kim2015band,
  title={In-band network telemetry via programmable dataplanes},
  author={Kim, Changhoon and Sivaraman, Anirudh and Katta, Naga and Bas, Antonin and Dixit, Advait and Wobker, Lawrence J},
  booktitle={ACM SIGCOMM, Posters and Demos},
  year={2015}
}

@inproceedings{sivaraman2017heavy,
  title={Heavy-hitter detection entirely in the data plane},
  author={Sivaraman, Vibhaalakshmi and others},
  booktitle={ACM SOSR},
  pages={164--176},
  year={2017}
}

@inproceedings{abhashkumar2017p5,
  title={P5: Policy-driven optimization of P4 pipeline},
  author={Abhashkumar, Anubhavnidhi and Lee, Jeongkeun and Tourrilhes, Jean and Banerjee, Sujata and Wu, Wenfei and Kang, Joon-Myung and Akella, Aditya},
  booktitle={ACM SOSR},
  pages={136--142},
  year={2017}
}

@inproceedings{zhou2017clickp4,
  title={Clickp4: Towards modular programming of p4},
  author={Zhou, Yu and Bi, Jun},
  booktitle={ACM SIGCOMM, Posters and Demos},
  pages={100--102},
  year={2017}
}

@inproceedings{Hyper4,
 author = {Hancock, David and van der Merwe, Jacobus},
 title = {HyPer4: Using P4 to Virtualize the Programmable Data Plane},
 booktitle = {ACM CoNEXT},
 year = {2016},
 pages = {35--49}
} 

@inproceedings{HyperV,
 author={Chen Zhang and Jun Bi and Yu Zhou and Abdul Basit Dogar and Jianping Wu},
 booktitle={ICCCN},
 title={HyperV: A High Performance Hypervisor for Virtualization of the Programmable Data Plane},
 year={2017},
 pages={1-9},
 organization={IEEE}
}

@article{sun2017hyper,
  title={HYPER: A Hybrid High-Performance Framework for Network Function Virtualization},
  author={Sun, Chen and Bi, Jun and Zheng, Zhilong and Hu, Hongxin},
  journal={IEEE Journal on Selected Areas in Communications},
  volume={35},
  number={11},
  pages={2490--2500},
  year={2017},
  organization={IEEE}
}

@inproceedings{hancock2016hyper4,
  title={Hyper4: Using p4 to virtualize the programmable data plane},
  author={Hancock, David and Van Der Merwe, Jacobus},
  booktitle={ACM CoNEXT},
  pages={35--49},
  year={2016}
}

@inproceedings{zhang2017mpvisor,
  title={Mpvisor: A modular programmable data plane hypervisor},
  author={Zhang, Cheng and Bi, Jun and Zhou, Yu and Dogar, Abdul Basit and Wu, Jianping},
  booktitle={ACM SOSR Poster},
  pages={179--180},
  year={2017}
}

@inproceedings{zhang2017p4db,
  title={P4DB: On-the-fly debugging of the programmable data plane},
  author={Zhang, Cheng and Bi, Jun and Zhou, Yu and Wu, Jianping and Liu, Bingyang and Li, Zhaogeng and Dogar, Abdul Basit and Wang, Yangyang},
  booktitle={IEEE ICNP},
  pages={1--10},
  year={2017},
  organization={IEEE}
}

@inproceedings{zhou2018keysight,
  title={KeySight: Troubleshooting Programmable Switches via Scalable High-Coverage Behavior Tracking},
  author={Zhou, Yu and Bi, Jun and Yang, Tong and Gao, Kai and Zhang, Cheng and Cao, Jiamin and Wang, Yangyang},
  booktitle={IEEE ICNP},
  pages={291--301},
  year={2018},
  organization={IEEE}
}

@inproceedings{sonchack2018turboflow,
  title={Turboflow: Information rich flow record generation on commodity switches},
  author={Sonchack, John and others},
  booktitle={ACM EuroSys},
  pages={11},
  year={2018}
}

@inproceedings{ma2017cachep4,
  title={CacheP4: A Behavior-level Caching Mechanism for P4},
  author={Ma, Zijun and Bi, Jun and Zhang, Cheng and Zhou, Yu and Dogar, Abdul Basit},
  booktitle={ACM SIGCOMM, Posters and Demos},
  pages={108--110},
  year={2017}
}

@inproceedings{miao2017silkroad,
  title={SilkRoad: Making Stateful Layer-4 Load Balancing Fast and Cheap Using Switching ASICs},
  author={Miao, Rui and Zeng, Hongyi and Kim, Changhoon and Lee, Jeongkeun and Yu, Minlan},
  booktitle={ACM SIGCOMM},
  pages={15--28},
  year={2017}
}

@inproceedings{chole2017drmt,
  title={drmt: Disaggregated programmable switching},
  author={Chole, Sharad and Fingerhut, Andy and Ma, Sha and others},
  booktitle={ACM SIGCOMM},
  pages={1--14},
  year={2017}
}

@article{ozdag2012intel,
  title={Intel{\textregistered} Ethernet Switch FM6000 Series-Software Defined Networking},
  author={Ozdag, Recep},
  journal={Intel Corporation},
  year={2012}
}

@article{prakash2015pga,
  title={Pga: Using graphs to express and automatically reconcile network policies},
  author={Prakash, Chaithan and Lee, Jeongkeun and Turner, Yoshio and Kang, Joon-Myung and Akella, Aditya and Banerjee, Sujata and Clark, Charles and Ma, Yadi and Sharma, Puneet and Zhang, Ying},
  journal={ACM SIGCOMM Computer Communication Review},
  volume={45},
  number={4},
  pages={29--42},
  year={2015},
  publisher={ACM}
}

@article{p42014p4,
    author     = "{P4 {Language} {Consortium}}",
    title      = {The P4-14 Language Specification, version 1.0.4},
    year       = 2017,
    url     = {https://p4lang.github.io/p4-spec/p4-14/v1.0.4/tex/p4.pdf}
}
